4930 6352
1065 717 1254 760 ·-·')·-

770 895 991 971 monoptotum
1031 888 1205 951 secundum
1244 885 1409 951 Donatum
1442 895 1475 952 et
1504 887 1601 966 alios,
1637 889 1690 973 qui
1720 887 1829 952 dicunt
1862 909 1901 951 ca
1923 893 2016 970 purte

769 997 923 1064 declinari
955 1018 1089 1080 nomeu,
1127 1020 1190 1084 qua
1219 998 1314 1064 fuerit
1343 999 1376 1064 in
1409 999 1638 1085 compositione
1665 1020 1759 1064 casus
1788 999 2014 1064 nominativus.

770 1110 945 1176 absurdum
960 1111 1058 1196 igitur
1073 1111 1133 1175 erit
1145 1109 1251 1175 dicere
1266 1131 1297 1190 ,a
1312 1111 1471 1197 praetorio
1487 1110 1676 1197 proconsule
1689 1111 1791 1176 venio‘
1809 1110 1861 1175 vel
1872 1130 2016 1192 ,carruca

770 1229 819 1287 est
842 1223 1051 1308 proconsule‘.
1096 1229 1256 1288 sociantes
1279 1222 1544 1289 chartulariorum
1566 1223 1801 1309 aliquantorum
1823 1221 2016 1310 imperitiam

771 1334 921 1400 deserunt
955 1334 1209 1400 doctissimorum
1243 1345 1386 1400 veterum
1419 1336 1452 1400 iu
1486 1343 1556 1400 arte
1586 1341 1758 1418 tractatum
1788 1335 1906 1422 quippe
1942 1355 2016 1400 cum

771 1449 854 1514 inter
891 1449 1100 1514 chartularios
1139 1451 1413 1537 eloquentissimos
1450 1449 1591 1536 reperias
1627 1447 1784 1533 quosdam
1817 1449 1868 1512 vel
1897 1467 2016 1534 paucos

770 1559 927 1627 indoctos.
971 1561 1084 1626 melius
1114 1581 1190 1646 ergo
1221 1568 1268 1626 est
1290 1562 1380 1648 sequi
1409 1582 1463 1626 eos
1486 1561 1568 1626 inter
1597 1580 1675 1650 quos
1705 1559 1809 1624 nullus
1839 1559 2017 1646 reperiatur

771 1673 956 1760 imperitus,
987 1694 1082 1759 quam
1107 1673 1162 1738 bos
1185 1675 1267 1738 inter
1289 1695 1370 1758 quos
1392 1671 1560 1737 videantur
1590 1693 1659 1736 esse
1681 1673 1732 1736 vel
1754 1672 1857 1758 pauci.
1889 1692 1965 1756 ergo
1988 1672 2016 1738 si

772 1785 822 1850 hio
841 1785 1030 1872 proconsule
1052 1787 1181 1850 voluero
1201 1785 1317 1868 dicere,
1341 1784 1507 1850 declinabo
1523 1785 1579 1866 sic,
1602 1785 1677 1870 quia
1699 1785 1760 1850 erit
1778 1791 2016 1871 monoptotum:

771 1897 967 1964 nominativo
989 1897 1041 1961 hic
1063 1899 1267 1984 proconsule,
1298 1897 1446 1982 genetivo
1468 1896 1561 1962 buius
1584 1898 1788 1984 proconsule,
1811 1896 1921 1963 dativo
1942 1897 2017 1962 huic

770 2010 976 2097 proconsule,
1006 2011 1191 2075 accusativo
1228 2009 1312 2075 huuc
1350 2010 1554 2095 proconsule,
1592 2008 1739 2074 vocativo
1769 2031 1788 2074 o
1817 2011 2016 2096 proconsule,

771 2121 913 2187 ablativo
950 2121 991 2186 ab
1022 2121 1083 2188 hoc
1120 2122 1318 2207 proconsule.
1362 2121 1438 2209 quid
1468 2122 1568 2206 ergo?
1605 2141 1678 2186 cum
1713 2144 1734 2187 a
1763 2142 1815 2186 me
1843 2123 2017 2204 quaesierit

772 2234 940 2321 quisquam
969 2235 1034 2316 ,qui
1063 2234 1263 2319 prooessitl‘,
1296 2253 1412 2320 nempe
1435 2233 1575 2298 dicturus
1609 2254 1697 2297 sum:
1728 2234 1933 2320 proconsule;
1963 2233 2017 2318 ,de

771 2344 861 2410 cuius
882 2346 1041 2431 praetorio
1064 2346 1187 2410 renist‘
1210 2346 1415 2432 proconsule;
1438 2345 1500 2426 ,cui
1521 2345 1663 2411 libellum
1686 2345 1861 2412 obtulisti?‘
1883 2365 2017 2432 procon-

772 2457 857 2541 sule;
881 2477 987 2542 ,quem
1008 2455 1144 2539 vidisti)
1160 2457 1419 2542 procedentarnr‘
1441 2457 1648 2543 proconsule;
1671 2477 1761 2539 ,roca
1781 2457 1870 2522 illum
1887 2457 2017 2523 nomine

771 2572 842 2634 suo‘
865 2589 884 2632 o
907 2568 1112 2655 proconsule;
1135 2590 1166 2652 ,a
1187 2589 1249 2655 que
1272 2589 1370 2634 causa
1391 2577 1447 2633 tua
1462 2571 1649 2634 examinata
1671 2568 1753 2634 estP‘
1776 2591 1796 2633 a
1818 2571 2017 2655 proconsule.

772 2683 847 2748 vide
877 2703 973 2769 quam
1004 2683 1044 2746 sit
1067 2680 1240 2762 absurdum
1263 2701 1320 2768 per
1354 2687 1401 2745 tot
1422 2701 1516 2746 casus
1538 2700 1655 2746 errare.
1710 2681 1795 2763 quod
1828 2683 1855 2746 si
1888 2682 2019 2748 voluero

772 2802 859 2860 recte
896 2793 1074 2874 declinare,
1116 2795 1161 2860 sic
1198 2793 1367 2858 declinabo
1405 2793 1616 2880 compositum
1653 2815 1787 2876 noman,
1824 2815 1886 2880 quo
1923 2793 2019 2861 modo

771 2903 956 2992 simplex2),
993 2905 1068 2993 quia
1105 2905 1317 2992 praepositio,
1354 2904 1383 2969 si
1410 2905 1499 2970 illam
1535 2925 1598 2970 non
1629 2911 1780 2992 sequatur
1809 2927 1902 2972 casus
1931 2927 2019 2990 suus,

770 3019 877 3107 perdit
901 3019 966 3083 rim
995 3039 1087 3084 suam
1117 3025 1149 3084 et
1179 3018 1293 3084 transit
1321 3019 1355 3082 in
1382 3037 1507 3082 nomen.
1559 3015 1726 3082 declinabo
1756 3018 1851 3098 igitur
1880 3019 2019 3105 simplex

770 3151 888 3198 nomeu
910 3131 971 3196 sic:
1002 3129 1199 3196 nominative
1221 3128 1273 3194 hic
1295 3129 1423 3212 consul,
1445 3129 1594 3214 genetivo
1616 3127 1709 3194 hrrius
1731 3131 1886 3213 consulis,
1909 3129 2019 3198 dativo

771 3243 845 3310 huic
868 3243 1006 3326 aemuli,
1037 3241 1221 3306 accusative
1243 3242 1327 3306 huuc
1350 3240 1529 3324 consulem,
1561 3241 1706 3306 vocativo
1729 3263 1748 3306 o
1771 3243 1899 3325 consul,
1929 3243 2019 3310 abla-

772 3357 841 3422 tivc
871 3355 914 3424 ab
945 3353 1005 3420 hoo
1034 3354 1173 3420 consule.
1218 3352 1260 3418 ad
1290 3352 1374 3417 hanc
1402 3351 1540 3418 formam
1569 3353 1780 3439 compositum
1803 3353 2017 3423 declinamus:

772 3467 967 3534 nominativo
989 3466 1041 3532 hic
1063 3465 1251 3553 proconsul,
1281 3465 1429 3550 genetivo
1451 3464 1545 3530 buius
1568 3465 1783 3551 proconsulis,
1812 3465 1921 3532 dativo
1943 3466 2018 3534 huie

772 3580 970 3665 proconsuli,
1007 3579 1188 3645 accusativo
1224 3580 1309 3644 huno
1337 3579 1575 3666 proconsulem,
1612 3579 1760 3645 vocativo
1789 3599 1808 3644 c
1838 3580 2018 3665 proconsul,

772 3690 917 3756 ablativo
954 3691 996 3756 ab
1034 3691 1093 3756 hoc
1129 3690 1328 3777 proconsule.
1377 3709 1494 3756 nomen
1531 3697 1580 3754 est
1616 3689 1701 3754 enim
1731 3689 1898 3776 dignitatis
1927 3711 2016 3776 suae,

771 3823 836 3868 non
857 3809 949 3868 ectu
970 3802 1136 3868 cuiusdam
1157 3804 1220 3888 rei,
1256 3803 1308 3868 rel
1337 3802 1413 3868 belli
1434 3801 1615 3889 specialiter
1643 3802 1705 3874 sibi
1733 3802 1887 3869 mandeti.
1930 3803 2017 3891 quod

771 3915 800 3982 si
828 3913 871 3980 sd
900 3922 992 3982 tauta
1023 3917 1206 3982 testimonia
1233 3912 1462 4002 persuadere⁸l
1483 3915 1639 4000 pertinaci
1660 3935 1725 3980 non
1751 3935 1850 4001 queo,
1880 3916 2018 3983 sufficiat

771 4029 819 4096 illi
835 4029 878 4096 ad
899 4026 1152 4094 confirmandam
1172 4027 1305 4113 regulae
1326 4023 1555 4110 qualitatem),
1584 4025 1672 4112 quod
1695 4026 1853 4114 simplicia
1874 4027 2016 4112 nemine,

771 4142 806 4209 in
842 4163 907 4229 qua
941 4142 1067 4230 syllaba
1102 4139 1344 4206 terminaverint
1379 4138 1627 4222 nominativum,
1662 4137 1697 4203 in
1724 4137 1862 4204 eandem
1886 4141 2017 4206 mittunt

772 4275 832 4320 sua
853 4254 1047 4341 composite,
1076 4260 1113 4319 ut
1141 4252 1258 4318 decens
1285 4250 1436 4318 indecens
1457 4256 1573 4336 potens
1594 4249 1754 4337 impotens
1781 4257 1909 4318 curator
1943 4274 2017 4339 pro-

772 4374 918 4451 curator,
953 4367 1000 4434 ita
1036 4371 1069 4434 et
1098 4365 1208 4432 consul
1243 4365 1421 4453 proconsul.
1472 4363 1589 4430 deiude
1622 4363 1746 4429 nullum
1781 4363 2016 4432 nominativum

772 4479 940 4546 masculini
961 4479 1087 4564 generis
1108 4477 1266 4564 reperies,
1290 4478 1318 4543 si
1347 4476 1508 4563 requiras,
1536 4475 1684 4542 alittera
1711 4477 1928 4543 terminatam

875 4589 919 4658 ut
933 4591 1009 4678 quia
1023 4589 1343 4677 praetermittendum
1353 4588 1432 4654 mihi
1446 4609 1510 4655 non
1524 4588 1630 4654 risum
1644 4593 1694 4655 est
1708 4587 1795 4674 quod
1809 4595 1944 4656 eventus
1958 4591 2015 4657 ad·

770 4705 904 4788 monuit,
926 4702 1068 4790 quodam
1081 4710 1237 4790 tempore,
1259 4702 1336 4767 dum
1350 4723 1403 4768 ars
1423 4702 1457 4767 in
1473 4699 1631 4788 Capitolio
1652 4699 1705 4767 die
1724 4703 1918 4788 competenti
1931 4709 2015 4770 trae-

743 4839 746 4846 ⁴
769 4821 902 4899 teretur,
923 4835 1005 4880 nnus
1027 4834 1046 4880 e
1067 4813 1252 4879 florentibus
1273 4811 1437 4900 discipulis
1465 4811 1625 4879 Iohannes
1647 4833 1668 4878 a
1688 4815 1899 4900 gramatice
1919 4816 2016 4886 venia

770 4926 933 5016 postulata
968 4925 1136 4992 intendens
1172 4927 1207 4990 in
1243 4924 1380 4991 altemm
1416 4925 1595 4991 sciscitatus
1631 4931 1698 5011 est,
1733 4946 1798 5013 que
1833 4925 2015 4996 differentia

695 5121 700 5130 ¹
771 5039 834 5128 dici
853 5037 971 5106 debeat
992 5037 1168 5106 consularis
1187 5035 1242 5122 0⁵)
1265 5038 1320 5126 qui
1339 5038 1469 5106 nomine
1489 5059 1548 5106 suo
1571 5037 1647 5104 anni
1669 5037 1822 5105 cuculum
1842 5037 1909 5122 ⁴¹⁸⁸).

842 5209 862 5264 ¹t
880 5199 983 5266 audisti
1007 5207 1034 5263 Β
1058 5225 1129 5266 corr.
1154 5207 1264 5288 Krslius
1298 5207 1321 5272 ²)
1339 5211 1456 5282 simplex
1480 5227 1579 5266 nomen
1603 5228 1657 5281 quo
1684 5211 1764 5266 modo
1786 5213 1967 5282 compositum
1985 5209 2014 5266 B

626 5274 637 5294 ⁰
664 5275 677 5296 ·,
770 5313 840 5354 corr.
859 5297 969 5353 liertiae
1004 5297 1025 5358 ³)
1044 5288 1158 5352 suadere
1177 5295 1203 5349 B
1221 5312 1292 5352 corr.
1310 5295 1420 5352 Keilius
1454 5296 1476 5362 ⁴)
1494 5299 1689 5368 aequalitatem
1714 5297 1848 5366 Hopcass
1883 5295 1904 5363 ⁸)
1922 5298 1952 5352 ia
1970 5313 2013 5353 oo·

770 5383 829 5438 dire
847 5383 946 5436 torano
964 5387 1052 5438 emta!
1070 5381 1187 5436 duorum
1205 5399 1330 5437 casuum
1365 5381 1388 5446 θ)
1406 5399 1464 5438 aaa
1481 5383 1578 5438 salsedo
1595 5383 1696 5438 codicis
1710 5383 1798 5452 periit
