4930 6352
1260 629 1295 700 ll

450 886 512 950 quo
535 865 604 929 loco
627 866 715 929 illum
738 866 859 944 ,affero‘
883 868 915 930 in
938 865 1066 932 Donato
1089 867 1205 952 legisse
1229 867 1431 932 manifestum
1457 873 1514 948 est,
1537 874 1573 930 nt
1592 867 1713 932 Donati
1736 868 1805 933 cod.
1829 867 1861 950 S,
1885 889 1957 932 oum
1980 870 2011 932 in
2036 871 2113 934 lem-

450 985 536 1041 mate
560 978 685 1061 legetur
708 977 845 1058 ‚suffero‘
876 1000 948 1043 cunr
979 980 1092 1043 ceteris
1114 979 1236 1044 Donati
1259 979 1350 1044 codd.
1396 979 1459 1043 Hic
1489 980 1597 1042 statim
1621 999 1676 1044 cos
1707 999 1848 1042 asseram
1878 979 1965 1045 locos
1995 982 2112 1065 quibus

450 1089 688 1154 demonstratur
712 1092 896 1154 lenmratnm
928 1092 1119 1176 scripturam
1151 1091 1297 1156 Parisino
1331 1092 1462 1176 propius
1493 1090 1645 1155 accedere
1654 1090 1685 1172 *)
1709 1092 1746 1154 iis
1777 1113 1852 1155 usus
1882 1112 1965 1176 quae
1989 1091 2112 1157 Keilius

449 1201 568 1265 Donati
592 1203 756 1266 contextui
780 1203 973 1267 subnotavit.
1020 1203 1099 1288 Pag.
1125 1205 1176 1284 38,
1193 1226 1234 1288 ¹8:
1269 1203 1341 1268 Par.
1367 1213 1398 1268 et
1422 1205 1556 1268 lemma:
1592 1213 1687 1266 extra
1718 1203 1816 1284 hanc,
1846 1205 1941 1268 ceteri
1966 1204 2110 1269 codices:

450 1323 546 1378 extra
569 1335 673 1398 quam.

554 1427 634 1510 Peg.
658 1429 709 1500 49,
726 1449 766 1510 ¹1:
797 1425 866 1489 Par.
891 1433 922 1490 ct
945 1428 1079 1496 lamma:
1103 1426 1227 1505 cuiatis,
1251 1428 1349 1491 ceteri
1372 1427 1513 1492 codices:
1538 1429 1670 1492 cuiates.

557 1537 635 1622 Peg.
660 1541 767 1620 iiim:
803 1537 877 1600 Par.
909 1547 940 1601 et
969 1539 1103 1602 lemma:
1140 1547 1196 1602 aut
1226 1539 1364 1622 complet
1399 1548 1454 1602 aut
1488 1540 1618 1619 minuit,
1655 1540 1752 1602 ceteri
1789 1540 1915 1604 codices
1949 1539 2110 1604 differunt.

449 1647 530 1734 Peg.
556 1653 606 1732 75,
635 1655 687 1713 ll:
714 1649 786 1712 l'ar.
811 1659 842 1713 et
865 1651 998 1712 lemma:
1023 1651 1143 1734 implet,
1168 1653 1264 1714 ceteri
1295 1653 1442 1737 complet.
1488 1650 1569 1734 Pag.
1601 1652 1677 1730 62,fl
1708 1651 1794 1715 soleo
1825 1651 1903 1717 faxo
1937 1653 2054 1737 impleo
2078 1651 2112 1714 in

450 1763 571 1848 optimo
595 1763 713 1826 Donati
737 1761 846 1825 codice
869 1783 931 1824 non
956 1761 1080 1844 legitur.
1127 1762 1174 1826 ef.
1207 1784 1280 1847 pag.
1313 1763 1422 1845 385,,.
1468 1762 1615 1827 Ceterum
1648 1762 1708 1826 hoc
1738 1784 1863 1848 quoque
1894 1765 1963 1828 loco
1995 1764 2113 1828 lemma

449 1893 547 1958 prave
569 1877 783 1958 praepositum
809 1883 934 1954 exstat3
956 1894 1030 1937 nam
1055 1872 1096 1936 ad
1112 1871 1233 1937 Donati
1258 1874 1374 1938 verba:
1410 1883 1494 1953 ,sunt
1518 1873 1678 1937 defectiva
1702 1923 1735 1937 ..
1759 1895 1815 1959 per
1839 1895 1993 1960 personas
2016 1887 2050 1938 ut
2075 1923 2111 1939 ..

449 1985 547 2049 soleo*
579 1985 732 2048 adnotare
763 2005 826 2048 non
858 1985 961 2069 potuit
991 1985 1237 2067 grammaticus:
1269 1986 1366 2066 ‚soleo
1398 1983 1503 2070 perdit
1534 1987 1618 2049 enim
1651 1986 1797 2071 tempus!
1852 1985 1961 2050 Unum
1992 1987 2111 2051 addam

448 2097 631 2182 exemplum
654 2117 773 2181 pravae
804 2097 975 2160 relationis.
1021 2095 1101 2179 Pag.
1134 2098 1222 2180 aa„
1255 2097 1372 2161 lemma
1407 2097 1613 2183 desumptum
1649 2105 1696 2160 ast
1726 2096 1856 2162 Donato
1886 2119 1961 2182 pag.
1993 2099 2110 2181 seen:

450 2209 575 2291 ‚longas
600 2257 631 2270 ..
656 2210 813 2292 positione
836 2210 917 2270 finnt
941 2257 971 2271 ..
994 2209 1027 2270 in
1047 2209 1057 2271 i
1080 2208 1219 2272 litteram
1244 2209 1344 2271 solam
1368 2210 1435 2273 loce
1459 2210 1663 2273 consonantis
1691 2211 1828 2293 positam
1851 2219 1893 2274 ut
1915 2209 2001 2274 aio‘
2040 2209 2112 2273 Iam

449 2320 562 2404 opinor
584 2341 677 2383 nemo
701 2341 766 2384 non
790 2319 887 2400 videt,
912 2320 1018 2382 verbis
1042 2329 1088 2398 ,ut
1108 2318 1169 2382 aie‘
1192 2319 1309 2383 ascribi
1331 2341 1396 2384 non
1419 2341 1528 2404 possa:
1554 2321 1572 2399 ,i
1594 2321 1677 2382 inter
1700 2319 1779 2382 duas
1804 2322 1940 2384 vocales‘
1966 2318 2022 2383 sed
2043 2321 2114 2384 sine

449 2431 547 2495 dubio
564 2430 696 2495 Clcdoni
721 2432 820 2495 verba
845 2433 937 2510 ‚inter
960 2431 1040 2494 duas
1057 2430 1196 2494 vocales‘
1221 2431 1471 2516 interpretantur
1486 2431 1604 2495 Donati
1630 2433 1708 2512 ,leco
1732 2433 1935 2496 consonantis
1951 2430 2112 2517 positam.‘

554 2543 616 2607 Sed
639 2543 697 2605 hoc
721 2545 905 2628 exemplum
927 2543 991 2605 iam
1015 2544 1097 2606 inter
1113 2563 1151 2606 ea
1174 2543 1407 2607 numerandum
1431 2553 1488 2624 est,
1513 2545 1631 2629 quibus
1651 2547 1855 2629 neglegentia
1879 2547 1991 2628 magis,
2016 2565 2113 2630 qnam

449 2677 552 2742 prava
574 2657 687 2719 relatio
711 2654 926 2740 deprenditur.
973 2653 1053 2718 Sunt
1077 2655 1161 2718 enim
1184 2656 1337 2720 lemmata
1368 2657 1485 2740 partim
1509 2658 1553 2719 sic
1577 2663 1780 2742 comparata,
1815 2665 1934 2720 utnon
1968 2675 2114 2740 eaquae

450 2769 679 2833 commentario
702 2768 917 2848 illustrantur,
942 2767 998 2831 sed
1021 2769 1084 2831 alia
1108 2768 1266 2852 quaedam
1290 2768 1433 2830 ciusdem
1456 2758 1689 2831 enuntiationis
1712 2768 1810 2830 verbe
1834 2770 2015 2852 anteposita
2038 2769 2113 2849 sint,

447 2881 535 2944 velut
557 2901 630 2964 pag.
645 2882 696 2960 al,
722 2926 748 2964 ,0
781 2879 837 2942 ubi
867 2879 1100 2965 praescriptum
1131 2886 1195 2942 est:
1235 2887 1281 2958 ‚ut
1310 2879 1522 2957 doctissin1e‚‘
1554 2879 1614 2942 etsi
1645 2879 1684 2940 de
1714 2880 1933 2962 comparative
1965 2877 2112 2959 ,doctius‘

448 3012 553 3058 sermo
585 2999 641 3055 est.
673 2991 883 3055 Inveniuntur
913 2991 1029 3054 similia
1064 3011 1164 3076 pagg.
1189 2991 1531 3074 51,,.57,,,.73,,,.
1557 2993 1658 3072 lim.
1684 2992 1785 3073 lim.
1811 2991 1897 3072 78,,.
1943 2991 2113 3054 Gramma

449 3105 549 3168 ticum
570 3104 603 3168 id
625 3104 821 3168 commisisse
845 3105 915 3189 quis
938 3109 987 3166 est
1009 3103 1085 3187 quin
1108 3103 1228 3184 neget?
1274 3101 1355 3166 Sunt
1378 3121 1461 3186 quae
1485 3101 1657 3165 absurdam
1690 3101 1831 3165 efficiant
1854 3102 2046 3166 sententiam
2076 3107 2134 3165 ut·

448 3217 566 3280 lemma
589 3237 662 3302 pag.
686 3218 780 3300 41,,;
814 3224 897 3297 ,sunt
920 3235 1040 3299 genera
1063 3216 1229 3280 nominum
1259 3215 1341 3294 fixa,
1373 3221 1446 3276 suut
1469 3211 1610 3276 mobilia‘
1642 3234 1713 3275 enm
1744 3213 1875 3277 (lledoni
1906 3214 2007 3278 verba
2031 3216 2111 3277 sint:

448 3349 544 3414 ‚quae
575 3328 695 3392 moveri
727 3349 792 3391 non
823 3327 985 3412 possunt‘3
1026 3335 1099 3391 sunt
1130 3326 1244 3412 quibus
1275 3327 1435 3413 superflua
1466 3327 1688 3390 contineantur
1727 3347 1767 3388 ax
1801 3327 1972 3390 enuntiatis
2012 3327 2113 3408 illata,

449 3460 626 3526 quaecum
650 3459 684 3502 re
708 3439 747 3502 dc
771 3439 1073 3523 quaagiturnullo
1106 3439 1199 3502 modo
1230 3439 1402 3502 cohaerent
1436 3440 1524 3502 velut
1546 3459 1621 3523 pag.
1645 3441 1745 3518 iim.
1771 3437 1871 3520 25,,,.
1897 3439 1983 3518 aas.
2008 3439 2111 3520 34,,,.

449 3552 502 3632 43,
517 3597 551 3634 ,,.
576 3553 627 3632 47,
640 3597 677 3633 ro·
700 3552 753 3631 48,
769 3596 805 3632 20.
830 3553 881 3630 61,
895 3595 931 3633 ,,.
955 3551 1048 3614 Haec
1064 3551 1170 3614 omnia
1187 3569 1227 3612 ex
1245 3551 1433 3634 corruptelis
1449 3557 1526 3612 nata
1543 3570 1612 3612 esse
1627 3569 1722 3612 nemo
1745 3550 1775 3610 ni
1791 3549 1884 3612 fallor
1901 3549 2111 3612 contenderit.

553 3661 678 3725 Deinde
693 3681 734 3724 ne
750 3667 898 3725 constans
922 3661 1049 3746 quidem
1066 3671 1114 3726 est
1138 3663 1324 3725 lemmatum
1347 3683 1433 3742 usus,
1457 3681 1612 3724 memnon
1636 3661 1773 3743 exiguus
1797 3669 1844 3722 est
1861 3681 1971 3724 eorum
1992 3663 2113 3742 glosse-

406 3805 408 3808 ·
450 3781 573 3837 matum
595 3794 746 3837 numerus
770 3773 886 3859 quibus
908 3774 1062 3838 lemmata
1086 3795 1150 3838 non
1174 3783 1247 3837 sunt
1271 3775 1465 3858 praeposita.
1512 3771 1667 3836 Attamen
1691 3779 1746 3835 aut
1780 3772 1901 3834 nullum
1926 3779 1980 3834 aut
2005 3773 2112 3835 omnia

451 3886 555 3950 omitti
578 3886 829 3970 exspectaveris.

553 3997 700 4082 Denique
722 3999 755 4061 in
778 3997 945 4061 tractando
969 3997 1124 4062 adverbio
1156 4019 1230 4081 pag.
1254 4000 1295 4060 62
1329 4019 1395 4082 sqq.
1442 3995 1562 4062 Donati
1587 3997 1688 4060 verba
1710 3996 1854 4080 pluribus
1886 3995 1964 4059 locis
1987 3997 2033 4059 ita
2057 4017 2113 4058 ex·

451 4115 561 4194 cerpta
584 4115 666 4189 sunt,
691 4119 725 4172 ut
747 4110 950 4192 grammatici
974 4109 1222 4173 commentarius
1253 4109 1348 4190 longo
1371 4108 1541 4172 interuallo
1572 4107 1748 4191 asingnlis
1772 4107 1881 4171 verbis
1912 4129 1994 4192 quae
2016 4108 2114 4170 inter·

450 4227 650 4306 pretamento
684 4223 883 4285 illustrantur
919 4221 1032 4302 distet,
1063 4221 1146 4305 quod
1178 4221 1247 4284 lieri
1270 4241 1333 4284 non
1355 4222 1479 4304 potnit,
1513 4222 1538 4282 si
1562 4220 1695 4304 singulis
1727 4221 1928 4302 glossematis
1959 4219 2114 4283 lemmata

451 4339 543 4396 erant
566 4335 724 4418 apposita.

554 4443 667 4531 Neque
683 4447 774 4529 parvi
797 4453 845 4508 est
861 4447 1013 4510 momenti
1037 4444 1122 4529 qnod
1145 4444 1244 4508 verba
1259 4443 1379 4509 Donati
1402 4446 1434 4508 in
1451 4443 1584 4509 Oledoni
1609 4451 1794 4508 contextum
1817 4445 2012 4526 irrepserrmt
2028 4441 2114 4527 quod

450 4557 570 4620 laetum
593 4564 641 4620 est
664 4577 737 4640 pag.
761 4557 812 4636 23,
828 4603 864 4640 ¹4.
887 4559 939 4638 31,
952 4601 989 4639 25.
1013 4559 1107 4640 til,²²
1131 4556 1230 4638 alias;
1260 4557 1292 4619 id
1316 4565 1383 4618 tum
1417 4555 1520 4620 solum
1543 4557 1610 4619 fieri
1638 4555 1759 4640 potnit,
1790 4556 1816 4618 si
1847 4561 1880 4619 et
1901 4552 2050 4619 Donatus
2081 4560 2114 4618 et

450 4665 623 4731 Oledonins
647 4667 758 4731 codem
782 4669 814 4732 in
833 4669 915 4733 libro
940 4669 1102 4740 conimeti
1124 4669 1235 4733 librari
1258 4667 1290 4730 in
1313 4667 1459 4730 manibus
1484 4673 1585 4730 erant.

555 4779 647 4854 Quae
669 4801 743 4844 cnm
764 4782 811 4844 ita
833 4782 905 4864 siat,
929 4779 1015 4846 Keui
1038 4781 1196 4866 suspicio,
1230 4781 1283 4864 qui
1314 4777 1580 4843 commentarium
1602 4778 1678 4842 olim
1698 4797 1762 4840 una
1792 4795 1865 4840 cum
1886 4775 2007 4842 Donati
2030 4777 2113 4842 libro

452 4891 606 4976 seriptum
628 4892 728 4956 faisse
751 4901 870 4974 censet,
894 4894 981 4958 omni
1004 4913 1045 4958 ex
1068 4899 1161 4976 parte
1183 4891 1320 4954 inicitur.
1345 4889 1393 4956 cf.
1416 4889 1500 4954 Keil.
1524 4889 1623 4974 praet.
1646 4909 1722 4975 pag.
1744 4893 1775 4952 4.

459 5027 664 5038 -----—..-

553 5115 580 5174 'q
596 5114 644 5168 Ot-
658 5115 790 5184 lisgerus
808 5118 835 5168 tn
853 5116 955 5170 anecd.
970 5116 1049 5169 ilalr.
1069 5111 1237 5184 pictur,
1256 5113 1426 5182 qnil‘etmr
1445 5111 1654 5181 grammaticum
1672 5111 1794 5165 eiusdem
1806 5111 1908 5165 cedias
1928 5113 2115 5164 merestonam

450 5205 572 5266 amatum
591 5215 650 5256 esse
670 5201 834 5270 observavit
