4930 6352
902 1479 1064 1592 Apicibns
1086 1505 1218 1568 meliore
1239 1503 1370 1568 metallo
1393 1503 1508 1569 defixis
1531 1502 1625 1592 etflde
1648 1501 1763 1586 cultu¹)
1786 1502 1917 1568 lectiore
1937 1502 2037 1566 fluen-
2072 1517 2100 1572 n·
2116 1501 2174 1571 ἤι’

797 1622 884 1688 tibus
915 1626 1023 1691 verbis
1053 1625 1164 1691 scribis
1195 1624 1236 1689 ad
1259 1645 1321 1706 nra,
1343 1631 1379 1690 ut
1401 1646 1440 1690 ea
1463 1645 1545 1711 quae
1566 1625 1600 1689 in
1623 1631 1691 1690 arte
1705 1631 1841 1710 utraque
1863 1621 2038 1688 doctissimi

796 1733 916 1800 Donati
931 1737 1085 1803 nebulosa
1100 1737 1237 1822 caligine
1251 1737 1387 1821 legentis
1410 1737 1582 1802 obscurant
1596 1737 1756 1802 inscitiam
1770 1734 1876 1802 lucido
1892 1752 2039 1800 sermono

797 1845 840 1912 ad
862 1853 895 1913 te
924 1848 1114 1934 perferenda
1137 1849 1328 1932 rescribam,
1359 1849 1451 1930 quasi
1482 1849 1656 1936 quidquam
1685 1849 1727 1913 sit
1749 1848 1834 1934 quod
1853 1846 2039 1932 indaginem

797 1961 844 2024 tui
859 1959 961 2025 vitare
982 1961 1082 2046 possit
1097 1961 1216 2046 ingenii
1232 1967 1264 2026 et
1279 1961 1410 2026 alterius
1424 1960 1546 2046 laqueis
1560 1961 1692 2026 inretiri.
1715 1979 1822 2045 perce,
1845 1958 2038 2040 doctissime,

796 2078 946 2158 protervo
968 2073 1076 2138 forsan
1099 2074 1155 2138 sed
1177 2081 1270 2159 grato
1293 2074 1448 2138 sermoni:
1480 2073 1583 2138 ofide
1606 2073 1753 2138 omnibus
1775 2079 1807 2136 et
1834 2072 1868 2137 in
1891 2069 2039 2138 omnibus

796 2182 870 2264 tide,
895 2183 955 2250 hoo
977 2191 1101 2250 tantum
1125 2185 1258 2271 reperiri
1280 2185 1393 2272 potuit,
1417 2186 1449 2249 in
1472 2206 1535 2270 quo
1557 2185 1605 2248 ias
1631 2185 1673 2249 sit
1693 2183 1752 2253 tibi
1775 2183 1838 2248 dici
1861 2178 2037 2265 ,mentiris.‘

902 2294 986 2369 Quid
1008 2297 1106 2380 igitur
1128 2297 1268 2360 faciam?
1293 2296 1387 2362 video
1406 2318 1503 2383 quam
1525 2298 1692 2382 scopuloso
1715 2294 1898 2382 difficilique
1912 2295 1946 2359 in
1968 2294 2039 2358 loco

796 2407 997 2472 necessitudo
1034 2416 1187 2473 versetur.
1232 2409 1399 2474 indevotus
1436 2428 1487 2473 me
1517 2427 1643 2493 quoqne
1682 2414 1854 2472 accusante
1885 2405 2039 2493 reperiar,

804 2519 878 2595 <si
907 2540 970 2583 non
1001 2520 1189 2605 adgrediar,
1220 2521 1299 2597 si>
1330 2521 1542 2606 adgrediar,²)
1569 2520 1759 2586 temeritatis
1788 2518 1919 2583 flatibus
1948 2523 2041 2583 aestu

799 2631 973 2717 procelloso
995 2631 1148 2697 iactabor.
1184 2639 1232 2697 est
1254 2634 1352 2716 tanti,
1375 2634 1563 2698 temerarius
1593 2633 1751 2716 corrigar,
1780 2626 1882 2713 cum⁸)
1911 2630 2040 2696 nomine

797 2742 969 2807 conditoris
992 2734 1132 2826 afficiar,
1166 2764 1308 2830 proquo
1331 2745 1372 2809 de
1401 2744 1536 2810 diversis
1558 2743 1718 2809 veteribus
1741 2750 1833 2829 aptos
1855 2741 1930 2807 huic
1951 2740 2042 2828 operi

797 2854 919 2941 sumpsi
947 2860 1104 2920 tractatus
1133 2861 1230 2942 atque
1259 2855 1308 2922 his
1331 2878 1403 2921 mee
1436 2876 1579 2943 quoque,
1611 2864 1647 2921 ut
1669 2857 1759 2942 potui
1782 2863 1814 2921 et
1836 2875 1918 2939 quae
1940 2852 2040 2938 potui,

798 2987 858 3052 pro
889 2965 1047 3031 bacohare
1084 2967 1232 3054 copulavi
1269 2969 1450 3050 ablatisque
1486 2967 1640 3032 limitibus
1672 2987 1786 3052 eampo
1820 2964 1971 3051 dispersi,
2004 2968 2041 3029 ut

797 3076 1001 3144 inoffensibili
1035 3099 1129 3144 cursu
1162 3080 1284 3144 fructus
1317 3080 1377 3144 sibi
1415 3081 1515 3146 lector
1549 3080 1680 3164 colligat
1712 3083 1898 3143 matuatus.
1933 3072 2039 3157 iuva⁴)

798 3210 860 3272 me,
877 3191 939 3255 tuis
961 3191 1140 3277 praeceptis
1155 3191 1310 3275 adgressa
1321 3193 1537 3279 circumspice,
1559 3191 1740 3256 luxuriosos
1756 3189 1852 3255 tonde
1868 3206 2057 3285 sermones,

799 3301 982 3388 doctiloqua
1018 3291 1100 3368 serie
1136 3304 1324 3404 corrigentis
1365 3304 1504 3369 extende
1545 3311 1652 3386 curta,
1686 3299 1889 3384 carnifice),
1929 3304 1967 3364 ut
1998 3297 2041 3364 ad

677 3473 679 3476 .
798 3419 890 3478 tuum
911 3415 1081 3480 arbitrium
1104 3421 1219 3479 cuncta
1242 3414 1412 3481 videantur
1435 3422 1573 3480 tractata
1595 3417 1714 3481 relecta
1738 3414 1874 3498 digesta.
1896 3412 1978 3476 vale.

1241 3630 1359 3724 [aas]
1386 3631 1613 3706 onnnoun

902 3835 904 3843 Ι
960 3755 1101 3824 Romani
1125 3757 1288 3824 Senatorio
1311 3756 1654 3845 Constantinopolitani
1676 3757 1879 3842 grammatici

944 3867 1174 3956 Explanatio
1197 3869 1318 3940 totius
1339 3870 1437 3940 artis
1463 3869 1625 3941 collecto
1647 3889 1695 3938 ex
1718 3868 1891 3982 diversis.

904 4056 985 4123 Cum
1008 4058 1149 4142 ceteris⁸)
1171 4059 1212 4123 de
1234 4059 1380 4144 partibus
1410 4059 1560 4123 orationis
1590 4058 1715 4123 Probus
1749 4065 1781 4123 et
1810 4056 1915 4124 Varro
1945 4059 2040 4123 alter·

800 4178 928 4235 cantur:
952 4193 1033 4236 unus
1054 4169 1116 4254 ini)
1140 4172 1219 4237 duas
1242 4179 1350 4258 partes
1368 4169 1538 4254 discribid)
1563 4179 1594 4236 et
1616 4173 1755 4253 reliquas
1777 4171 1937 4236 subiectas
1952 4171 2040 4254 tacit,

799 4284 882 4348 alter
903 4283 935 4347 in
959 4292 1124 4370 quattuor,
1159 4291 1253 4370 prout
1275 4285 1409 4369 quisque
1431 4286 1534 4370 potuit
1556 4286 1683 4350 sentire.
1713 4305 1771 4349 nos
1795 4304 1871 4349 vero
1894 4283 2043 4348 convenit

799 4393 920 4460 Donati
936 4399 1024 4482 sequi
1040 4397 1273 4463 auctoritatem.
1296 4398 1395 4484 igitur
1418 4404 1490 4463 octo
1508 4404 1614 4483 partes
1637 4395 1788 4461 orationis
1804 4416 1873 4461 esse
1897 4395 2042 4462 dicimus.

800 4527 918 4573 nomen
941 4507 1059 4572 dictum
1072 4509 1162 4593 quasi
1174 4515 1337 4593 notamen,
1350 4509 1434 4590 quod
1447 4529 1498 4574 res
1509 4509 1601 4573 nobis
1612 4514 1706 4572 notas
1718 4507 1854 4591 efficiat3
1866 4527 2042 4594 pronomen

802 4648 1005 4656 ——-—-——--

873 4715 893 4776 ¹)
911 4715 1142 4768 DEFIKISISET
1161 4756 1166 4768 .
1186 4756 1192 4769 .
1213 4755 1219 4768 .
1238 4757 1243 4770 .
1264 4715 1333 4768 LTO
1352 4715 1444 4768 aaut*
1467 4715 1539 4768 ORE
1560 4714 1585 4767 B
1603 4730 1673 4768 corr.
1697 4711 1845 4768 Soboetls'as
1880 4713 1901 4775 ²)
1921 4715 2043 4782 reperiar

800 4803 948 4868 adgrediar
965 4801 991 4854 Β
1010 4818 1064 4855 non
1082 4802 1230 4872 adgrediar
1247 4807 1310 4855 autc
1328 4801 1471 4855 indevotus
1489 4803 1606 4855 inseruit
1627 4800 1758 4868 Hopeuua
1794 4798 1816 4864 ⁸)
1834 4817 1915 4868 quam
1941 4817 1960 4846 r,
1980 4817 2043 4854 cum

800 4886 948 4944 Soboeitim
982 4887 1004 4954 ⁴)
1022 4889 1083 4942 iuvn
1096 4887 1131 4956 B,
1150 4875 1215 4942 inve
1228 4887 1376 4943 stercutus
1389 4889 1463 4950 (nisu
1475 4887 1517 4942 oet
1529 4905 1581 4942 usu
1593 4887 1783 4942 adiunxerant
1790 4885 1935 4954 prioratus
1947 4887 2043 4942 deindo

800 4989 845 5028 me
863 5001 895 5012 -
919 4975 1078 5044 adgressum
1102 4975 1276 5045 corrigentes)
1311 4975 1332 5040 ὅ)
1350 4973 1485 5029 candities
1507 4974 1535 5028 B
1558 4988 1628 5028 coru.
1652 4971 1801 5028 Scboelb'as
1835 4969 1857 5037 ο)
1874 4973 1956 5028 cerdo
1978 4977 2044 5029 onte

801 5061 906 5116 Probus
922 5065 950 5114 et
961 5062 1050 5115 Varro
1068 5061 1175 5116 trudito
1185 5062 1219 5117 ab
1236 5061 1387 5117 editorem
1403 5060 1521 5130 nephota
1531 5061 1562 5115 ia
1579 5065 1682 5115 wem
1694 5058 1791 5128 recepi.
1826 5057 1847 5124 ⁷)
1864 5060 2043 5114 alterautrurn

800 5149 830 5201 in
847 5146 877 5201 Β
894 5148 1062 5202 altercantur
1080 5163 1149 5201 unns
1167 5149 1196 5200 tn
1214 5145 1361 5202 saeuire
1378 5148 1449 5202 alter
1467 5148 1616 5202 orationem
1638 5147 1667 5199 in
1685 5143 1819 5214 Hagnous
1855 5143 1876 5213 ⁹)
1901 5147 1998 5200 scribit
2015 5145 2044 5200 B

801 5235 928 5289 discribit
949 5232 1148 5288 Wr‘tarannsv'us
