4930 6352
1170 666 1225 739 Ill

473 926 544 993 Iam
577 950 653 994 vero
684 927 815 994 Cledoni
847 931 1093 994 commentarius
1124 951 1239 995 cuma
1267 930 1388 994 Donati
1416 937 1570 995 contextu
1603 939 1807 1018 separaretur
1838 941 1870 997 et
1899 935 2027 1020 singula

368 1041 564 1124 glossemata
585 1041 745 1105 lemmatis
768 1042 1016 1124 instruerentur,
1044 1043 1202 1126 quaedam
1225 1064 1324 1130 prave
1346 1043 1545 1128 praescripta
1568 1064 1637 1107 esse
1660 1046 1725 1108 iam
1748 1066 1846 1130 snpra
1870 1045 2026 1130 vidimus3

368 1152 425 1218 sed
448 1154 543 1216 latius
566 1161 714 1237 grassata
738 1160 785 1216 111
808 1175 910 1240 prava
932 1153 1054 1219 relatio.
1078 1154 1202 1218 Similia
1225 1154 1310 1218 enim
1333 1153 1597 1238 congerebantur,
1622 1177 1704 1241 quae
1728 1156 1769 1220 ad
1793 1157 2025 1224 diversissimos

367 1264 489 1331 Donati
518 1265 604 1328 loeos
633 1263 854 1350 pertinebant,
889 1265 974 1351 quod
1004 1267 1124 1330 lactum
1154 1274 1203 1330 est
1232 1288 1307 1352 pag.
1341 1269 1439 1350 11,,,.
1473 1269 1573 1350 ll,„.
1605 1267 1657 1348 23,
1681 1313 1771 1352 ,5-„.
1803 1269 1854 1350 37,
1868 1315 1891 1353 ,.
1922 1273 1975 1352 49,
1989 1317 2025 1355 ,,.

369 1377 420 1458 71,
433 1423 495 1460 ,-,.
520 1377 571 1458 68,
585 1421 623 1459 ,,.,
648 1375 697 1457 73,
713 1422 750 1459 ,,.
775 1379 826 1457 71,
842 1421 878 1459 ,,,.
904 1379 954 1458 78,
970 1424 1049 1462 „-„
1073 1379 1163 1442 alias.
1210 1379 1280 1451 Quo
1305 1379 1335 1441 11
1360 1399 1459 1463 pravo
1490 1383 1642 1462 congestu
1665 1382 1874 1466 praecipuam
1898 1387 2025 1446 1111111·-

367 1487 507 1552 bationis
528 1509 675 1552 caussam
705 1509 774 1552 esse
797 1490 934 1574 positam
965 1490 1087 1575 opinor.
1132 1489 1203 1554 Tali
1233 1490 1327 1554 modo
1358 1511 1430 1554 cum
1452 1511 1520 1553 rem
1542 1491 1723 1554 institueret
1752 1493 1919 1575 librarius,
1949 1493 2026 1580 quid

367 1601 494 1680 mirum,
517 1598 602 1684 quod
625 1599 752 1684 saepius
773 1599 968 1683 glossemata
991 1599 1124 1665 diversis
1146 1601 1223 1665 loeis
1246 1601 1294 1665 bis
1317 1602 1466 1688 scripsit?
1487 1599 1534 1666 Ut
1557 1602 1707 1688 exempla
1730 1604 1863 1669 afferam
1885 1605 2027 1671 -redit

367 1711 527 1797 glossema
548 1699 794 1797 pag.2l„„-„
825 1718 897 1798 post
921 1711 989 1794 ,111ι
1021 1734 1095 1799 pag.
1121 1715 1215 1797 28„,
1247 1715 1407 1796 glossema
1429 1734 1503 1799 pag.
1535 1713 1586 1796 37,
1601 1761 1682 1800 ,,-,,
1704 1721 1777 1802 post
1799 1715 1900 1798 ,anus‘
1921 1718 1973 1800 38,
1988 1763 2025 1802 „,

366 1823 526 1906 glossema
550 1845 580 1908 p.
607 1824 657 1901 71,
671 1868 752 1906 „-„
775 1823 840 1886 iam
863 1822 975 1887 aderat
998 1845 1064 1909 pag
1088 1827 1139 1906 70,
1154 1871 1181 1908 ,,
1206 1833 1277 1910 post
1301 1824 1471 1906 ,lecturusf

470 1931 608 1998 Omnino
632 1934 870 2019 dittographiae
892 1937 924 1998 in
949 1935 1058 2000 codiee
1081 1935 1238 2000 Beruensi
1261 1936 1347 2000 haud
1370 1957 1492 2022 paucae
1516 1945 1694 2002 occurrunt.
1738 1939 1815 2003 Alia
1847 1939 1919 2004 ideo
1942 1941 2024 2007 falso

365 2046 435 2110 loeo
459 2047 613 2109 collocata
636 2053 719 2127 suut,
743 2047 817 2132 quia
840 2047 989 2111 librarius
1013 2069 1032 2110 a
1054 2048 1211 2111 similibus
1235 2048 1414 2112 adsimilis
1445 2049 1610 2114 aberravit
1632 2051 1720 2113 velut
1748 2071 1823 2135 pag.
1847 2051 1955 2136 30„,:
1987 2054 2025 2134 ,is

364 2159 464 2222 etiam
480 2159 615 2222 creticus
631 2157 766 2239 dicitur‘,
790 2159 854 2221 alia
878 2159 947 2243 pari
962 2160 1084 2223 incuria
1107 2161 1278 2224 commissa
1301 2167 1383 2242 sunt,
1408 2182 1490 2246 qnae
1513 2163 1621 2226 onmia
1643 2164 1790 2248 persequi
1812 2163 1944 2247 longum
1967 2171 2024 2228 est.

469 2287 643 2352 Praeterea
666 2289 764 2352 etiam
787 2289 1032 2374 interpolatione
1053 2289 1183 2353 laborat
1206 2287 1337 2354 Cledoni
1362 2295 1541 2354 contentus.
1587 2290 1640 2355 Sic
1660 2313 1734 2376 pag.
1761 2295 1809 2374 17,
1823 2339 1851 2376 ,,
1893 2292 2025 2358 (11111111

365 2397 501 2461 verbum
524 2399 635 2483 ,quasi‘
660 2401 888 2464 commentario
912 2401 1093 2464 instruitur:
1126 2401 1286 2482 ,ridentur
1318 2401 1430 2465 eadem
1454 2423 1522 2466 esse
1546 2424 1619 2466 cum
1640 2424 1704 2468 non
1728 2405 1810 2486 sint‘,
1834 2427 1909 2491 pag.
1935 2409 2025 2490 11„,

364 2516 509 2594 ,quartae
548 2508 778 2575 declinationis‘
820 2512 951 2574 moleste
993 2511 1137 2593 additur,
1184 2534 1257 2598 pag.
1297 2515 1348 2594 27,
1363 2559 1388 2598 „
1419 2515 1553 2578 verbum
1592 2515 1685 2596 ,11111ί
1726 2537 1865 2602 quonam
1902 2523 2025 2602 spectet

364 2620 473 2684 verbis
497 2642 527 2702 ,u
556 2621 686 2685 seilicet‘
711 2621 963 2702 demonstratur,
997 2644 1070 2707 pag.
1100 2626 1152 2705 47,
1167 2669 1194 2706 ,,
1226 2623 1390 2706 ,regulam‘
1424 2625 1604 2710 significare
1635 2629 1802 2707 ,rationem
1832 2627 2024 2692 declinandi‘

363 2733 544 2818 exponitur,
569 2755 643 2818 pag.
667 2737 760 2818 49„,
783 2735 898 2799 verba:
931 2756 991 2816 ,res
1015 2756 1098 2828 quae
1113 2757 1236 2799 nomen
1267 2735 1461 2822 praesentat‘
1485 2739 1807 2824 interpretamentum
1837 2740 2024 2804 elocutionis

363 2865 424 2928 ,res
447 2843 602 2909 subiecta‘
627 2846 788 2910 continere
811 2845 889 2910 mihi
912 2847 1059 2911 videntur
1082 2868 1154 2912 cum
1172 2847 1257 2910 Keili
1281 2850 1486 2934 transpositio
1510 2872 1574 2914 non
1596 2853 1735 2936 placeat.

465 2955 535 3020 Has
551 2958 649 3042 igitur
670 2979 749 3043 quas
765 2959 958 3023 adumbravi
981 2959 1091 3023 turbas
1108 2959 1370 3046 confusionesque
1385 2983 1470 3026 nova
1492 2962 1553 3025 hae
1571 2962 1709 3027 editione
1732 2964 1891 3028 discutere
1907 2963 2023 3028 studui.

361 3065 446 3132 Nam
469 3067 593 3132 Keilius
617 3089 689 3132 cum
718 3072 945 3154 grammaticos
969 3069 1102 3135 Latinos
1132 3071 1265 3134 adituris
1295 3072 1577 3157 locupletissimam
1608 3079 1639 3138 et
1662 3075 1929 3160 speciosissimam
1959 3075 2024 3138 edi·

361 3180 481 3244 tionem
504 3187 633 3266 pararet
663 3183 796 3264 singulis
826 3183 1043 3268 grammaticis
1074 3184 1157 3268 quod
1189 3184 1222 3247 11
1245 3191 1335 3248 11111
1366 3204 1463 3270 opere
1493 3205 1587 3249 nemo
1621 3186 1790 3249 mirabitur
1819 3207 1883 3250 non
1912 3207 2024 3272 parem

361 3311 488 3376 semper
504 3314 613 3356 euram
636 3294 851 3380 impendebat.
875 3295 969 3370 Quod
984 3297 1016 3359 in
1041 3293 1230 3360 Cledonium
1245 3275 1390 3382 inprimis
1406 3297 1492 3361 eadit
1509 3299 1597 3362 euius
1615 3300 1880 3386 commentarium
1896 3320 2025 3385 corrup·

361 3404 522 3471 tissimum
545 3413 577 3468 et
599 3406 910 3490 perturbatissimum
933 3409 1034 3472 noluit
1057 3409 1110 3473 ille
1132 3408 1304 3472 emendare
1324 3415 1355 3472 11
1378 3410 1412 3472 11
1435 3409 1578 3474 ordinem
1601 3409 1758 3494 redigere,
1782 3410 1843 3473 1111
1865 3411 1949 3496 quod
1971 3411 2024 3475 hie

360 3513 426 3578 illic
442 3515 542 3580 verba
563 3517 723 3602 quaedam
739 3520 923 3603 segregavit
946 3519 1119 3605 turbasque
1136 3520 1336 3604 significavit.
1360 3519 1513 3594 Quamvis
1538 3527 1646 3585 autem
1660 3521 1740 3585 levis
1764 3521 1805 3585 sit
1821 3525 2024 3605 grammatici

361 3627 555 3710 auotoritas,
586 3634 696 3692 tamen
725 3651 855 3714 prorsus
884 3631 1057 3715 neglegere
1086 3653 1150 3695 non
1180 3653 1366 3718 possumus:
1399 3653 1461 3718 quo
1492 3634 1619 3716 aegrius
1649 3635 1781 3700 ferimus
1811 3635 1896 3720 quod
1924 3636 2023 3700 talem

360 3739 505 3802 maxime
527 3741 715 3826 scriptorem
738 3757 801 3805 non
824 3743 892 3806 sine
915 3765 1040 3808 summa
1063 3745 1209 3809 molestia
1233 3764 1270 3808 ae
1293 3744 1484 3809 difficultate
1507 3744 1661 3810 adhibere
1690 3768 1868 3832 possumus.
1914 3746 2023 3821 Quare

360 3848 422 3914 hac
445 3851 478 3914 in
500 3859 591 3936 parte
614 3873 671 3937 pro
695 3854 773 3916 meis
798 3854 921 3918 viribus
944 3853 1030 3920 Keili
1053 3876 1132 3941 opus
1155 3855 1309 3941 perficere
1331 3856 1427 3920 volui.
1473 3856 1544 3931 Quo
1568 3859 1601 3920 in
1631 3879 1727 3944 opere
1757 3859 1795 3923 iis
1826 3859 1904 3923 mihi
1932 3859 2023 3923 licuit

360 3964 420 4026 niti
442 3983 525 4048 quae
547 3964 633 4028 haud
656 3965 837 4050 spernenda
867 3973 899 4030 11
922 3966 1045 4030 Keilius
1075 3977 1108 4031 et
1131 3967 1287 4050 Hagenus
1318 3969 1351 4031 in
1372 3969 1437 4032 vol.
1459 3967 1491 4031 V
1514 3971 1798 4053 grammaticorum
1832 3970 2022 4036 Latinorum

360 4075 598 4159 praestiterunt.
643 4077 756 4164 Neque
787 4098 889 4162 pauca
912 4077 950 4143 F.
974 4078 1133 4144 Schoellio
1163 4081 1365 4165 praeceptori
1388 4081 1552 4146 carissimo
1587 4081 1688 4146 debeo
1711 4104 1847 4168 quorum
1869 4083 2023 4148 nonnulla

359 4185 394 4250 11
417 4193 478 4250 act.
502 4208 566 4252 soc.
596 4187 705 4273 philol.
739 4187 829 4276 Lips.
858 4191 920 4254 vol.
951 4189 999 4253 VI
1030 4198 1161 4273 extant,
1197 4193 1293 4275 longe
1322 4193 1416 4276 plura
1447 4213 1572 4257 mecum
1604 4195 1851 4259 communicavit
1880 4195 2023 4282 mihique

359 4299 479 4362 utenda
502 4300 656 4383 permisit.
680 4299 887 4366 Coniecturas
911 4309 1019 4366 autem
1041 4304 1207 4368 hominum
1229 4302 1395 4368 doctorum
1418 4325 1621 4390 nequaquam
1652 4326 1762 4371 omnes
1786 4307 1896 4388 attuli,
1930 4327 2022 4392 prae-

360 4411 471 4474 sertim
493 4411 521 4474 si
541 4411 619 4475 loeis
641 4413 803 4498 parallelis
826 4416 1018 4500 comparatis
1042 4437 1061 4480 a
1083 4436 1159 4481 rere
1183 4417 1254 4481 illos
1276 4417 1446 4481 aberrasse
1468 4424 1634 4504 appareat.
1657 4453 1701 4464 —

465 4536 591 4604 Codicis
621 4539 794 4606 Beruensis
823 4562 919 4629 quem
950 4544 1057 4608 littera
1085 4542 1119 4607 B
1150 4545 1276 4628 signavi
1305 4546 1497 4631 scripturam
1527 4567 1601 4610 eum
1628 4545 1753 4612 Keilius
1783 4547 2022 4612 accuratissime

360 4649 516 4716 exhibeat
537 4672 602 4715 nou
623 4651 763 4717 indicavi
786 4655 819 4717 in
841 4655 1014 4720 levioribus
1038 4657 1123 4720 vitiis
1145 4657 1305 4743 rebusque
1327 4657 1593 4744 orthographicis.
1618 4657 1799 4723 Secundam
1821 4658 1939 4724 codicis
1953 4679 2021 4723 ma·

359 4783 438 4826 num
460 4762 528 4827 fere
557 4783 622 4827 non
637 4764 747 4828 curari
769 4767 844 4851 quia
866 4767 946 4831 nihil
960 4767 1055 4832 affert
1078 4770 1164 4857 quod
1186 4790 1249 4833 uon
1272 4770 1313 4833 sit
1329 4789 1371 4833 ex
1394 4789 1484 4835 mera
1505 4771 1688 4835 coniectura
1710 4769 1898 4856 profectum
1921 4769 2021 4836 Velut

446 4894 522 4960 pag.
546 4876 597 4957 26,
611 4921 638 4960 „
659 4875 820 4961 legiterad
842 4878 926 4965 quod
949 4898 1028 4945 corr.
1050 4881 1188 4966 legitera
1210 4881 1252 4946 ad
1274 4880 1361 4969 quod

447 5007 524 5073 pag.
547 4987 600 5071 39,
613 5033 640 5072 ,.,
662 4991 842 5056 masculina
856 4995 886 5056 a
899 4999 1015 5058 neutra
1033 5011 1112 5058 corr.
1134 4995 1347 5059 masculinum
1360 4998 1390 5058 et
1403 5000 1553 5060 neutrum
1569 4993 1637 5077 (ubi
1652 4995 1759 5082 potius
1773 4993 2021 5080 transpositione

663 5099 750 5166 11111
773 5103 905 5189 pluralis
928 5105 1086 5171 tenendus
1109 5105 1170 5190 est)

448 5231 523 5296 pag.
545 5212 599 5292 42,
613 5257 638 5297 „
662 5217 790 5279 tonetru
812 5216 890 5281 facit
910 5216 1011 5283 uerba
1032 5235 1111 5283 cerr.
1134 5219 1254 5284 tonitru
1276 5218 1353 5285 facit
1375 5239 1475 5285 uerus
