4930 6352
362 1413 370 1442 ,
464 1379 537 1432 bum.
562 1379 626 1432 licat
644 1385 734 1432 autem
753 1395 803 1448 pro
822 1379 862 1432 iu·

1173 659 1379 722 ..64-

892 848 1038 929 quotiens
1061 848 1207 913 vocativo
1230 847 1318 912 casui
1341 847 1537 932 applicatur:
1561 847 1749 912 adverbium
1765 847 1976 913 exclamantis
1992 855 2042 913 est
2055 868 2132 931 quo·

498 971 545 1017 aut
563 965 694 1018 laetantia
712 971 748 1017 ur
766 979 860 1018 evax.
892 961 974 1025 tiens
996 961 1182 1026 invocamus
1204 961 1281 1025 deos
1303 967 1339 1024 ut
1362 982 1380 1025 o
1404 961 1528 1026 caelum
1551 979 1570 1024 o
1591 968 1687 1026 terra.
1705 993 1746 1005 -
1761 959 1835 1024 Heu
1858 967 1890 1024 et
1913 981 1997 1026 evax
2020 967 2053 1025 et
2075 982 2132 1047 pa·
2175 972 2237 1032 79η

463 1034 510 1087 sed
544 1035 611 1088 baso
643 1033 715 1102 apud
742 1033 861 1088 Graecos
1079 1074 1085 1088 .
1187 1074 1194 1090 .
1441 1073 1448 1088 .
1533 1073 1539 1088 .
1616 1073 1624 1088 .
1679 1073 1686 1088 .

464 1102 602 1156 adverbiis
688 1101 862 1171 adplicantur
893 1093 954 1157 pae
977 1079 1009 1137 et
1029 1073 1152 1158 reliqua
1173 1074 1248 1139 lrcet
1271 1072 1356 1158 apud
1376 1071 1509 1138 Latinos
1532 1079 1767 1138 interrectroues
1783 1079 1866 1156 suut,
1889 1072 1975 1155 apud
1990 1071 2133 1138 Graecos

372 1239 375 1246 .
462 1172 700 1294 gssgdfwiidffi
740 1172 861 1294 Lpizini
893 1191 1002 1248 tamen
1025 1184 1194 1248 adverbia:
1219 1183 1281 1248 heu
1304 1181 1393 1264 hoe¹)
1416 1184 1493 1248 dicit
1516 1183 1669 1266 Graecus,
1693 1205 1750 1248 uos
1772 1184 1835 1248 hau
1858 1185 1970 1250 solum.
1997 1221 2035 1232 -
2058 1185 2134 1251 Heu
2178 1197 2241 1262 ⁷⁹2·

462 1325 517 1362 non
535 1311 628 1362 satim
652 1258 775 1377 seqiiair
797 1279 862 1362 voi·
893 1295 968 1361 inde
989 1296 1204 1379 intellegimus
1215 1294 1342 1380 quando
1364 1295 1542 1359 interiectio
1566 1301 1623 1376 est,
1647 1295 1774 1382 quando
1796 1295 2001 1361 adverbium:
2018 1297 2045 1362 si
2063 1317 2134 1362 ver·

463 1449 623 1501 terrentiano
667 1449 750 1500 stiam
789 1438 861 1500 talias
893 1408 971 1472 bum
993 1409 1145 1492 sequitur,
1168 1406 1357 1471 adverbium
1379 1407 1523 1487 facimus,
1548 1413 1584 1470 ut
1602 1397 1676 1471 ‘heu
1697 1406 1774 1491 fuge
1789 1417 1865 1473 nats
1881 1406 1963 1491 dea’3
1986 1409 2132 1494 quotiens

462 1523 554 1584 partos
577 1517 708 1570 orationis
738 1516 861 1585 cingam
893 1520 1027 1584 alteram
1050 1525 1175 1604 partem
1196 1519 1353 1602 sequitur,
1377 1519 1553 1583 interiectio
1577 1525 1635 1602 cat,
1658 1525 1693 1583 ut
1712 1509 1753 1583 ‘ei
1775 1517 1853 1583 mihi
1875 1520 1977 1605 qualis
2001 1511 2076 1585 erat'
2100 1528 2133 1586 et

462 1586 781 1723 {lsfgp'fpp'ssbfflfss
825 1592 860 1639 ur
888 1621 963 1695 ‘heu
985 1653 1048 1717 qua
1069 1651 1153 1696 nunc
1175 1631 1268 1695 tellus
1291 1621 1410 1716 inquit'.
1434 1671 1475 1684 -
1497 1629 1561 1694 Pro
1583 1629 1673 1694 nefas
1695 1630 1792 1716 plana
1820 1637 1868 1696 est
1890 1633 2131 1710 <elocutio>.

891 1743 936 1807 sic
958 1749 990 1808 et
1011 1763 1069 1827 pro
1092 1743 1247 1828 Iuppiter,
1271 1743 1316 1806 sic
1338 1750 1370 1807 et
1392 1743 1454 1806 heu
1478 1743 1591 1823 pietas.
1611 1739 1616 1826 Ι
1635 1761 1693 1824 pro
1715 1740 1859 1824 Iuppiter
1881 1743 1944 1806 heu
1965 1745 2079 1829 pietas,
2103 1747 2131 1811 si
2175 1757 2295 1820 lanan

890 1855 983 1919 simul
1006 1856 1166 1938 iungimus
1195 1854 1430 1918 interiectiones
1454 1853 1618 1935 faciamus,
1642 1855 1668 1918 si
1691 1874 1877 1935 separamus
1900 1855 2063 1920 adverbia.
2089 1893 2130 1905 —-

463 1967 661 2043 'accentus
689 1963 716 2014 ³¹¹
745 1963 857 2042 ³3¹¹&-
889 1965 928 2032 In
956 1967 1005 2032 his
1033 1966 1306 2032 interiectionibus
1335 1987 1399 2032 nou
1428 1975 1563 2049 possunt
1597 1967 1675 2030 certi
1705 1974 1854 2031 accentus
1883 1969 2016 2050 reperiri
2045 1990 2130 2055 quae
2172 1978 2248 2046 lap·

459 2031 681 2168 ppptppsppptps
706 2037 772 2083 mm
796 2046 856 2083 ⁰⁸⁸⁰
887 2079 1056 2142 inconditis
1078 2080 1211 2144 vocibus
1234 2086 1390 2163 coustant,
1413 2085 1449 2143 ut
1471 2077 1534 2143 bau
1555 2098 1605 2144 va.
1636 2078 1714 2144 certi
1735 2085 1808 2144 sunt
1830 2087 1980 2146 accentus
2002 2081 2036 2144 in
2058 2080 2127 2147 istis

887 2211 970 2276 quse
991 2195 1126 2275 possunt
1148 2189 1311 2275 distingui,
1332 2196 1369 2255 ut
1390 2210 1494 2274 papae
1517 2195 1609 2257 attat.

495 2405 742 2459 neronianus
803 2412 855 2459 est
1300 2380 1364 2453 DE
1390 2379 1711 2456 BARBARISMO.

461 2491 528 2527 una
587 2491 643 2528 ars
680 2476 856 2528 orationis

460 2492 612 2597 vitiosopin
635 2545 771 2598 communi
796 2560 856 2597 ΕΘΓ·
990 2549 1081 2616 Vitia
1101 2551 1253 2616 orationis
1276 2558 1349 2615 sunt
1371 2549 1537 2616 duodecim
1568 2552 1787 2617 barbarismus
1817 2554 2021 2620 soloecismus
2051 2575 2126 2642 acy·
2168 2565 2243 2630 'lem

458 2627 547 2668 m
887 2663 1009 2748 rologia
1039 2662 1226 2728 caceufaton
1254 2665 1454 2745 pleonasmos
1484 2662 1692 2748 perissologia
1721 2664 1919 2749 macrologia
1948 2666 2126 2752 tautologia

886 2775 1005 2858 ellipsis
1026 2776 1181 2857 tapinosis
1206 2775 1452 2862 cacosyntheton
1455 2812 1849 2839 -------

956 2963 974 3026 ¹t
993 2965 1047 3017 heu
1065 2965 1110 3032 pio
1128 2963 1155 3016 B
1172 2965 1226 3017 beu
1245 2981 1294 3032 pro
1313 2964 1461 3019 Patscbias
1478 2966 1532 3019 hau
1549 2965 1601 3018 hos
1619 2963 1766 3020 Scbocllias
1790 2981 1839 3022 sec.
1857 2966 1946 3024 Prisc.
1959 2967 2024 3023 XV.
2039 2985 2068 3040 p.
2081 2971 2124 3026 ⁷3.

884 3059 959 3114 Dein
977 3076 1012 3113 en
1029 3060 1088 3112 sola
1106 3057 1132 3110 B
