4930 6352
1180 639 1373 701 ...4-

887 823 1007 907 factus,
1039 845 1133 910 quem
1164 823 1281 890 Gracci
1309 813 1459 906 ὕπαρχον
1481 823 1609 904 dicunt,
1637 830 1674 890 ut
1696 823 1845 888 videatur
1867 823 1992 910 praeire
2015 843 2136 907 omnes,

887 955 952 1000 nou
975 957 1017 1000 cx
1040 957 1078 1002 eo
1101 937 1185 1022 quod
1207 937 1387 1023 praefectus
1420 937 1462 1001 sit
1484 936 1616 1002 oiritati.
1658 935 1743 1000 adde
1771 934 1857 1022 quod
1888 933 1999 1001 Oioero
2029 933 2137 1000 Verri·

887 1069 1000 1114 narum
1042 1050 1194 1134 septimo,
1235 1039 1355 1115 idest
1392 1050 1637 1136 suppliciorum,
1676 1048 1753 1112 dicit
1789 1049 1908 1113 totiens
1944 1047 2137 1133 ,praefectus

889 1159 1009 1225 classis‘
1047 1167 1079 1225 et
1115 1162 1306 1246 ,praefectus
1345 1163 1493 1226 classium
1532 1159 1741 1226 Cleomenos‘.
1800 1159 1915 1225 deinde
1952 1160 1993 1225 da
2029 1160 2137 1226 futuro

889 1271 1051 1358 praefecto
1082 1273 1158 1360 quid
1187 1274 1298 1338 dices?
1329 1273 1391 1357 ,hio
1420 1272 1601 1360 praefectus
1632 1271 1796 1337 faciendus
1826 1279 1874 1337 est
1898 1273 2037 1338 crastino
2060 1271 2135 1338 dio‘.

888 1405 951 1448 non
982 1385 1066 1450 enim
1096 1387 1214 1470 poteris
1252 1385 1358 1450 dicere
1388 1384 1428 1450 de
1465 1383 1613 1450 faciendo
1642 1387 1805 1471 praefecto
1842 1403 1924 1466 ,oras
1953 1386 2014 1450 iste
2043 1404 2136 1470 prae·
2181 1393 2257 1461 12.»

887 1496 1041 1562 ficiendus
1074 1505 1123 1562 est
1145 1497 1290 1578 ciuitati‘,
1321 1497 1377 1562 sed
1398 1496 1479 1562 dicis
1509 1518 1589 1570 ‚cras
1619 1501 1679 1560 istc
1709 1496 1835 1561 futurus
1864 1504 1913 1561 cst
1942 1493 2134 1582 praefectus‘

888 1615 944 1672 aut
986 1609 1159 1688 ,faciendus
1197 1617 1246 1674 cst
1282 1607 1516 1694 praefectus‘¹.)
1581 1630 1644 1695 quo
1671 1608 1767 1674 modo
1797 1608 1859 1674 duo
1889 1615 2033 1695 tempora
2071 1607 2135 1674 sibi

887 1722 1048 1786 contraria
1084 1721 1273 1800 confundes,
1312 1722 1519 1806 praeteritum
1555 1721 1731 1807 perfectum
1769 1728 1801 1785 et
1823 1720 1988 1786 futurum?
2032 1721 2134 1785 tribus

888 1833 973 1898 euim
1007 1833 1204 1918 temporibus
1246 1835 1415 1920 participia
1455 1839 1612 1898 constant.
1668 1833 1848 1918 praefectus
1873 1833 1900 1896 si
1929 1832 2135 1918 participium

888 1945 1009 2010 dixeris
1040 1947 1294 2031 <praeteritum
1326 1944 1583 2030 perfectum>²)
1614 1951 1647 2009 et
1676 1941 1969 2026 <faciendus>⁸J
1992 1944 2134 2009 futurum

888 2063 937 2120 est
966 2063 998 2120 el
1028 2079 1091 2120 non
1113 2063 1221 2142 potes,
1244 2064 1417 2143 antequam
1438 2057 1512 2130 fiat,
1543 2057 1649 2122 dicere
1679 2056 1810 2121 factum.
1863 2057 1978 2120 eterit
2008 2076 2134 2139 nomen,

887 2189 950 2234 non
977 2169 1197 2254 participium,
1228 2189 1290 2251 quo
1313 2168 1509 2252 iungendum
1533 2175 1581 2232 cst
1604 2169 1756 2250 genetiuo
1791 2170 1895 2248 casui,
1927 2189 1990 2234 non
2014 2167 2134 2232 dativo,

887 2300 962 2344 nam
986 2281 1013 2342 si
1035 2281 1171 2345 volueris
1195 2281 1283 2344 verbi
1308 2281 1411 2363 gratia
1441 2280 1518 2344 mihi
1549 2279 1654 2344 dicere
1677 2281 1794 2361 ,nescio
1823 2280 1947 2360 urbem,
1972 2280 2135 2344 civitatem

887 2413 951 2456 non
974 2389 1088 2473 noui‘⁴)
1112 2401 1144 2455 et
1166 2391 1339 2476 quaesieris
1362 2413 1382 2454 a
1405 2411 1455 2455 me
1478 2391 1539 2472 ‚dic
1562 2393 1615 2476 qui
1637 2391 1796 2456 transiitt‘
1820 2392 1968 2456 nimirum
1992 2392 2134 2457 dicturus

886 2504 947 2567 tibi
987 2526 1057 2568 sum
1098 2504 1277 2590 praefectus
1319 2505 1465 2568 ciuitatis.
1521 2505 1674 2590 numquid
1711 2505 1791 2568 bene
1830 2505 1919 2584 dico,
1957 2506 1984 2568 si
2021 2504 2134 2570 dixero

886 2617 1067 2699 praefectus
1090 2618 1235 2680 civitati?
1269 2619 1414 2680 similiter
1444 2618 1543 2681 etiam
1564 2618 1746 2702 praefectus
1769 2619 1921 2702 praetorii
1943 2617 2004 2680 dici
2028 2616 2133 2695 debet,

886 2747 949 2790 non
973 2729 1152 2810 praefectus
1176 2730 1345 2812 praetorio,
1369 2731 1414 2792 ita
1437 2737 1471 2792 ut
1493 2731 1695 2814 praepositus
1719 2729 1865 2810 cubiculi,
1889 2729 2133 2794 noc'oubiculo.

885 2838 939 2902 ille
976 2860 1050 2902 nam
1088 2839 1149 2903 dici
1187 2840 1282 2903 debet
1318 2841 1498 2925 praefectus
1536 2848 1592 2905 aut
1629 2841 1750 2906 ciuitati
1786 2847 1842 2904 aut
1878 2841 2039 2926 praetorio
2077 2846 2132 2904 aut

885 2949 1044 3018 fabricae.
1082 2952 1135 3035 qui
1170 2953 1387 3037 superpositus
1428 2951 1523 3015 fuerit
1553 2973 1572 3015 a
1613 2953 1776 3037 praefecto
1806 2954 1856 3017 rel
1896 2952 2040 3016 fabricae
2081 2952 2134 3016 ucl

886 3064 1046 3146 praetorio
1080 3065 1130 3128 vel
1160 3065 1283 3128 ciuitati
1311 3063 1486 3145 vicariae).
1530 3085 1626 3150 saepe
1656 3066 1837 3146 quaesitum
1861 3071 1918 3146 est,
1941 3071 2048 3129 utrum
2070 3065 2134 3128 vic·
2212 3119 2221 3147 ,

887 3174 972 3237 arius
995 3173 1057 3238 dici
1077 3175 1195 3239 debeat
1217 3177 1313 3240 etiam
1329 3178 1356 3240 is
1379 3177 1429 3239 cui
1452 3175 1758 3260 magnificentissimi
1780 3176 1935 3261 praefecti
1950 3177 2036 3241 vices
2058 3197 2133 3240 suas

884 3285 917 3348 in
940 3287 1070 3370 speciali
1094 3309 1191 3352 causa
1214 3287 1455 3352 mandaverunt.
1501 3308 1719 3374 nequaquam:
1753 3273 1829 3352 nam
1859 3289 1995 3352 vicarius
2018 3288 2134 3354 dicitur

883 3397 910 3460 is
950 3399 1003 3482 qui
1042 3398 1152 3462 ordine
1182 3399 1399 3464 codicillorum
1430 3400 1514 3464 vices
1540 3400 1608 3483 agit
1639 3400 1856 3484 amplissimae
1900 3397 2134 3485 praefecturae}

883 3509 937 3573 illc
972 3530 1046 3574 vero
1080 3512 1130 3574 cui
1164 3512 1250 3575 vices
1281 3511 1474 3575 mandantur
1514 3517 1646 3597 propter
1676 3511 1856 3575 absentiam
1887 3513 2132 3597 praefectorum,

883 3641 947 3685 non
976 3623 1113 3686 vicarius
1137 3623 1192 3686 sed
1215 3625 1300 3688 vices
1325 3645 1440 3707 agens,
1471 3645 1534 3688 non
1557 3624 1796 3709 praefecturae,
1820 3624 1876 3688 sed
1898 3625 2133 3710 praefectorum

884 3732 999 3797 dicitur
1022 3741 1156 3798 tantum.

987 3863 1174 3928 Praefectus
1204 3865 1354 3949 vigilibus
1385 3865 1466 3928 bene
1496 3863 1629 3947 dicitur,
1659 3865 1735 3946 quia
1766 3863 1819 3928 hic
1849 3865 2053 3951 participium
2083 3873 2132 3932 eat
2179 3891 2252 3958 m.

884 3975 1081 4059 praefectus,
1116 3999 1179 4041 non
1209 3999 1334 4042 nomen.
1379 3978 1586 4064 praeponitur
1616 3977 1701 4040 enim
1732 3977 1918 4062 disciplinae
1948 3985 2132 4045 noctumae.

884 4093 916 4150 et
946 4089 972 4150 is
1003 4089 1056 4174 qui
1090 4089 1194 4153 eidem
1225 4089 1328 4155 officio
1358 4089 1549 4174 deputatur,
1591 4109 1656 4153 non
1685 4087 1817 4172 officio⁶)
1848 4091 2015 4176 potestatis
2046 4091 2132 4158 ducit

885 4197 1062 4282 uxamam).
1129 4223 1192 4288 qua
1228 4204 1313 4267 enim
1354 4203 1477 4268 ratione
1510 4223 1627 4267 nomen
1660 4202 1777 4285 poterit
1818 4201 1938 4267 habere
1978 4208 2131 4290 potestas,

883 4329 966 4392 quae
989 4313 1072 4377 diem
1095 4335 1158 4378 non
1181 4313 1302 4378 habet?

988 4440 1162 4506 Proconsul
1186 4463 1205 4506 a
1227 4442 1353 4507 disertis
1376 4443 1458 4508 bene
1481 4443 1607 4529 dicitur,
1637 4465 1702 4510 non
1730 4451 1768 4510 ut
1790 4445 1920 4530 quidam
1942 4453 2058 4533 putant
2078 4447 2131 4512 hio
2177 4469 2255 4537 12,-

883 4555 1071 4640 proconsule
1094 4553 1174 4636 dici,
1205 4556 1279 4639 quia
1310 4576 1425 4621 nomen
1456 4563 1504 4620 est
1528 4556 1711 4641 dignitatis,
1741 4579 1805 4622 non
1827 4557 1887 4622 sub
1912 4557 2039 4624 duabus
2059 4580 2133 4644 par·

883 4665 968 4731 tibus
1006 4667 1176 4749 orationis,
1214 4667 1271 4731 sad
1301 4668 1360 4732 sub
1390 4689 1464 4733 una.
1521 4689 1596 4734 uam
1631 4669 1657 4734 si
1694 4669 1814 4734 dixeris
1843 4672 2042 4756 proconsule,
2072 4672 2133 4738 crit

956 4871 974 4932 ¹)
993 4873 1042 4926 boc
1059 4875 1233 4928 enuntiatam
1251 4875 1423 4942 transposuit
1441 4875 1576 4944 Hapaaaa
1591 4881 1654 4944 post
1672 4880 1705 4930 25
1730 4879 1836 4931 civitati
1874 4875 1896 4936 ⁸)
1913 4877 2002 4946 suppl.
2021 4876 2132 4932 Kratas

885 4956 907 5023 ⁸)
925 4959 1013 5026 srrppl.
1033 4959 1168 5028 Hopemas
1204 4959 1226 5026 ⁴)
1245 4963 1384 5014 civitatem
1403 4963 1466 5014 ucri
1494 4961 1550 5014 dici
1568 4961 1596 5014 B
1614 4977 1685 5016 corr.
1712 4961 1847 5031 Harenas
1882 4962 1904 5027 ⁵)
1922 4965 2059 5030 praetorio
2083 4967 2131 5034 qui

884 5047 1072 5116 superpositus
1091 5047 1175 5100 fuerit
1193 5063 1210 5100 a
1228 5047 1367 5115 praefecto
1394 5048 1437 5100 rel
1456 5047 1577 5102 fabricae
1596 5050 1727 5116 praetorii
1754 5050 1798 5101 rel
1822 5049 1988 5102 victualibus
2009 5052 2132 5105 civitatis

883 5132 910 5186 B
937 5147 1006 5186 corr.
1035 5132 1168 5200 Hopenua
1204 5131 1224 5195 θ)
1248 5134 1342 5188 eodem
1370 5135 1461 5188 officio
1491 5132 1658 5202 depctautur
1685 5151 1737 5187 nou
1766 5135 1860 5188 officia
1877 5133 1906 5187 B
1923 5143 1993 5191 oon.
2012 5135 2130 5192 Kerliua.

884 5217 904 5282 't
922 5229 949 5272 et
968 5235 1065 5272 nomeu
1084 5217 1194 5274 Kellios
