4952 6376
486 894 518 946 ut
549 906 621 946 conr
653 904 734 944 ceco
760 905 849 945 corn·

451 961 598 1033 pereni.
627 907 759 1025 frunt
792 957 850 1012 elie

450 1045 540 1101 quoe
579 1029 754 1098 originem
793 1028 849 1082 eni

450 1115 518 1154 nou
547 1097 681 1152 hebent
706 1102 743 1152 ut
769 1112 849 1154 oon·

451 1182 575 1223 suesco
592 1167 738 1237 quiesco

504 1567 717 1638 Coningetiones
757 1566 849 1623 verbis

452 1637 582 1692 occidunt
599 1645 664 1691 trec.

492 3705 534 3756 eet
551 3701 639 3754 ultera
666 3698 772 3768 speeies
795 3701 854 3749 ter-

456 3772 513 3826 tiee
529 3767 731 3838 coningetionie
754 3781 826 3835 quoe
843 3764 853 3816 i

458 3836 854 3910 producteenuntieturthono

457 3908 583 3963 nonnulli
602 3910 762 3976 quartem
779 3918 854 3957 oon·

458 3978 679 4047 iugationsm
726 3976 853 4042 putent

458 4046 552 4117 qnod
581 4045 740 4099 intutum
769 4046 853 4094 tenr-

484 4130 523 4170 uu
540 4120 575 4168 et
592 4115 627 4167 in
644 4129 694 4166 cnr
712 4113 744 4164 et
761 4109 854 4163 inho

460 4200 495 4238 ιιι
513 4201 551 4238 er
567 4188 602 4238 st
624 4183 657 4236 ln
680 4176 771 4246 bor¹)
793 4177 854 4247 eyl-

459 4254 551 4308 lehonr
568 4251 653 4306 mittit

496 4529 519 4598 ¹)
537 4532 566 4584 in
583 4544 628 4583 em
646 4528 716 4584 etin
734 4541 765 4580 er
782 4523 857 4579 inho

461 4607 490 4656 et
507 4601 537 4656 in
559 4596 731 4664 boercsi
753 4595 802 4648 hor
824 4592 857 4646 s‘se

460 4670 489 4725 Β
514 4667 642 4740 beentur
672 4663 768 4720 mcor
803 4663 856 4716 rite

462 4729 855 4819 exirepoesequoeeoDo-

1159 584 1370 650 ..44-

878 769 979 840 hebet
999 771 1209 858 proeteritum
1229 771 1308 866 quie
1329 769 1407 841 iecit
1429 767 1621 860 compeeoui,
1642 765 1716 834 ideo
1737 765 1955 833 inchoativum
1972 784 2039 832 non
2059 771 2120 830 set.

879 923 921 938 -
944 882 1121 970 compesco
1143 882 1319 971 compescis
1340 888 1468 970 tempus
1488 879 1698 968 proeteribrm
1729 877 1909 966 perlectum
1938 876 2120 964 compescui
2163 885 2239 950 oen

879 993 967 1063 iecit.
1010 995 1129 1062 idcirco
1150 1017 1213 1062 non
1235 995 1362 1064 videtur
1382 993 1571 1062 inchoetive
1600 991 1714 1060 forme.
1738 1031 1779 1044 -
1802 986 2012 1074 Consueseo¹)
2042 987 2120 1055 iecit
2164 1007 2239 1066 euzo

880 1107 1043 1188 consuevi,
1056 1107 1185 1189 quiesco
1204 1105 1283 1172 iecit
1301 1106 1417 1193 quievi.
1440 1105 1518 1172 feeit
1535 1111 1569 1170 et
1589 1104 1755 1190 passivum
1774 1122 1964 1168 consuescet
1981 1102 2024 1167 sb
2045 1101 2120 1166 elio.

878 1217 951 1285 ideo
973 1239 1051 1305 ergo
1072 1218 1258 1286 inchoetive
1279 1239 1344 1286 oon
1365 1225 1449 1302 scunt,
1472 1217 1547 1306 quie
1570 1223 1602 1282 et
1623 1214 1833 1302 proeteritum
1855 1213 1977 1280 hebent
1997 1219 2031 1279 et
2048 1233 2121 1300 pes·

878 1331 982 1396 sivum
1018 1330 1149 1396 iaciunt
1184 1366 1228 1378 —
1263 1328 1400 1409 Quiesce
1436 1329 1544 1416 quievi
1579 1328 1666 1410 feeit,
1686 1327 1693 1404 Ι
1710 1346 1842 1392 sencseo
1880 1325 1980 1392 senui.
2024 1345 2120 1392 senec
2165 1331 2248 1398 een.
2262 1347 2294 1385 ιο

879 1443 972 1528 quieo
985 1443 1104 1508 lectum
1117 1440 1205 1526 eet').
1228 1441 1352 1510 incesso
1366 1463 1431 1509 non
1445 1447 1494 1508 eet
1511 1439 1877 1528 (frequentativum.)
1886 1437 2122 1524 frequentative

880 1551 925 1638 [in
947 1552 993 1638 tp]
1017 1554 1114 1622 ulium
1143 1554 1302 1642 syllabam
1329 1554 1451 1620 hebent
1479 1559 1511 1620 et
1540 1552 1639 1621 elium
1672 1549 1940 1637 coniugationem.
1969 1582 2014 1597 -
2040 1548 2121 1615 ‘ibes
2164 1559 2238 1622 eun

879 1667 1005 1732 litterae
1027 1686 1110 1753 quoe
1132 1666 1255 1734 ieeiuut
1276 1665 1535 1751 coniugationem
1557 1687 1578 1730 c
1599 1685 1618 1728 e
1639 1663 1666 1728 i:
1690 1685 1710 1728 e
1731 1682 1817 1745 quee
1838 1662 1996 1749 producte
2017 1667 2066 1728 eet
2086 1661 2122 1726 in

879 1778 993 1864 prime,
1016 1798 1034 1842 e
1056 1798 1139 1863 quoe
1161 1776 1317 1864 producte
1339 1781 1389 1842 est
1411 1777 1444 1842 in
1466 1775 1617 1859 secunde,
1641 1795 1659 1840 e
1682 1782 1715 1840 et
1735 1775 1747 1840 i
1769 1796 1852 1861 quse
1867 1780 2033 1861 correptus
2048 1781 2122 1840 sunt

879 1890 912 1954 in
934 1889 1040 1967 tertis,
1062 1889 1074 1954 i
1095 1907 1180 1971 quse
1201 1908 1327 1976 semper
1341 1887 1500 1974 producte
1522 1885 1600 1970 cst)
1622 1887 1655 1952 in
1676 1894 1801 1973 querca.
1824 1923 1865 1933 —
1882 1883 2024 1971 Omnis⁴)
2047 1905 2122 1954 cou-
2166 1895 2239 1946 nem

879 2001 1001 2086 lugetis
1015 2001 1049 2066 in
1062 1999 1236 2085 praeterito
1257 1999 1445 2086 imperfecto
1470 2000 1503 2064 in
1518 1999 1596 2065 hcm
1611 2000 1681 2065 exit
1702 2006 1738 2064 ut
1760 2019 1833 2065 emo
1855 1998 2006 2064 emebsm
2021 1997 2121 2064 doceo

879 2111 1037 2178 docebam
1055 2113 1128 2196 lego
1150 2109 1300 2196 legebam
1321 2110 1418 2177 sudio
1440 2110 1603 2178 audibam.
1645 2112 1749 2197 prims
1771 2112 1953 2197 coniugatio
1975 2111 2009 2176 in
2030 2130 2122 2198 prue-

883 2224 979 2290 terito
1008 2222 1150 2310 perfecto
1171 2222 1205 2287 in
1227 2223 1261 2288 ui
1282 2221 1425 2288 iunctum
1448 2223 1516 2290 exit
1538 2229 1575 2287 ut
1597 2245 1671 2290 emo
1696 2223 1813 2307 emovi
1836 2222 2026 2289 seeundcin
2040 2222 2122 2287 solu-

879 2341 949 2400 tum
964 2336 998 2399 ui
1013 2335 1082 2401 enit
1095 2341 1132 2400 ut
1145 2333 1245 2399 deese
1260 2333 1372 2417 docui3
1388 2335 1483 2402 tertie
1499 2336 1682 2422 coniugatio
1696 2335 1708 2400 i
1730 2343 1878 2423 correpte
1901 2335 1970 2400 exit
1990 2340 2027 2400 ut
2048 2334 2121 2420 lego

880 2447 956 2532 legi,
978 2453 1093 2532 querte
1114 2444 1272 2533 producte
1292 2453 1329 2510 ut
1350 2444 1446 2510 sudio
1469 2445 1566 2512 audii.
1599 2455 1714 2533 quarte
1736 2449 1769 2513 in
1791 2448 1965 2534 praeterito
1978 2446 2121 2533 perfeeto
2166 2453 2242 2516 eope

881 2565 914 2623 et
943 2557 1030 2624 cudii
1053 2565 1085 2623 et
1106 2556 1218 2623 eudivi
1240 2563 1273 2624 et
1302 2555 1430 2622 audisse
1460 2562 1494 2622 et
1522 2557 1692 2626 audivisse.
1724 2595 1762 2605 -
1794 2559 1904 2626 Tertio
1933 2565 2122 2645 correptus
2166 2565 2242 2632 etr·

882 2670 977 2736 tertie
998 2653 1155 2756 producte
1175 2670 1237 2735 hec
1259 2670 1384 2736 retione
1405 2669 1596 2736 discernitur
1618 2671 1702 2756 quod
1723 2671 1819 2736 tertie
1840 2677 1988 2758 correpte
2002 2669 2035 2735 in
2050 2691 2123 2758 pes·

882 2783 950 2848 sivo
965 2780 1049 2868 proi
1071 2802 1089 2847 e
1111 2780 1209 2847 hebet
1232 2788 1411 2866 correptum
1433 2787 1469 2845 ut
1491 2782 1563 2868 lego
1586 2782 1668 2866 legis
1682 2783 1773 2868 legor
1789 2783 1915 2868 legeris,
1939 2783 2122 2848 tertiovero

882 2894 1038 2979 producte
1054 2894 1191 2960 eundern
1212 2893 1224 2958 i
1246 2899 1279 2958 et
1300 2893 1333 2957 in
1355 2894 1483 2979 pessivo
1506 2901 1613 2960 servet
1627 2901 1664 2959 ut
1678 2895 1784 2961 nutrio
1799 2895 1902 2962 nubis
1922 2895 2045 2962 nutrior
2065 2917 2123 2962 uu·

881 3005 979 3070 triris.
993 3038 1034 3051 -·
1049 3005 1160 3072 Tertio
1182 3005 1366 3091 coniugatio
1388 3005 1494 3070 verice
1515 3003 1615 3072 hebet
1634 3005 1747 3072 modos
1762 3005 1933 3094 aliquando
1949 3013 2075 3072 tentum
2089 3006 2124 3072 in
2168 3019 2241 3084 eea

883 3137 948 3200 em,
964 3117 1136 3200 eliquendo
1157 3118 1192 3184 iu
1213 3117 1267 3200 bo,
1289 3116 1461 3200 eliqusndo
1483 3116 1516 3182 in
1538 3123 1635 3184 emet
1656 3119 1690 3184 io
1712 3117 1766 3185 bo.
1790 3117 1847 3204 [et]
1869 3119 1902 3185 in
1926 3141 1980 3186 cm
2001 3124 2037 3185 ut
2050 3120 2124 3205 lego

882 3228 1008 3313 legem3
1031 3230 1063 3294 in
1086 3229 1130 3296 bo
1152 3235 1229 3296 tunc
1251 3236 1310 3312 est,
1334 3229 1361 3294 si
1390 3229 1495 3315 prime
1516 3250 1654 3315 persone
1677 3230 1687 3294 i
1710 3251 1802 3295 snum
1828 3239 1937 3298 teneet
1958 3237 1995 3297 ut
2017 3229 2125 3324 munio

885 3341 1029 3423 muniho,
1060 3361 1098 3406 eo
1121 3341 1187 3408 ibo.
1211 3339 1268 3406 sod
1291 3340 1380 3422 diois,
1404 3361 1441 3405 eo
1471 3342 1482 3405 i
1510 3361 1573 3406 non
1596 3340 1704 3407 hebet.
1747 3343 1841 3408 iuxta
1863 3342 2125 3430 orthographicum

883 3451 998 3518 hebet:
1036 3474 1112 3518 nem
1149 3460 1182 3518 et
1219 3453 1369 3522 scribitur
1404 3461 1441 3520 ut
1478 3453 1519 3518 sit
1552 3453 1769 3540 diphthongus
1806 3455 1888 3522 sieut
1917 3457 1999 3520 citur
2028 3460 2061 3520 et
2087 3460 2125 3520 ut

884 3560 1118 3650 diphthongum
1147 3586 1273 3652 semper
1302 3572 1420 3632 tenent.
1465 3565 1499 3631 iu
1527 3586 1580 3630 cm
1610 3572 1642 3630 et
1670 3567 1704 3630 in
1733 3566 1774 3632 ho
1803 3573 1840 3631 ut
1868 3566 1963 3632 audio
1994 3565 2125 3632 sudium

884 3674 1014 3740 audibo.
1027 3712 1060 3721 -
1073 3675 1119 3742 Ut
1134 3698 1171 3742 eo
1194 3677 1221 3742 ie
1244 3677 1268 3741 it
1282 3675 1371 3760 etsi)
1395 3675 1495 3742 hebet
1518 3685 1593 3747 ente
1615 3698 1634 3743 o
1657 3698 1675 3742 e
1697 3678 1812 3743 terties
1827 3684 1877 3743 est
1890 3679 2124 3764 coniugationis
2202 3724 2211 3756 ,

884 3785 1070 3873 productae.
1092 3787 1148 3853 ibo
1169 3809 1233 3853 non
1256 3808 1328 3853 cem
1350 3807 1391 3853 ne
1412 3789 1455 3852 sit
1478 3788 1679 3855 coniunctivo
1702 3789 1857 3876 temporis
1885 3790 2062 3876 proesentis
2084 3791 2124 3856 si·

884 3898 968 3963 milis
991 3918 1064 3964 cunr
1087 3919 1169 3966 sem.
1213 3900 1320 3965 nutrio
1343 3906 1376 3964 et
1397 3901 1537 3966 nutrium
1559 3908 1592 3966 et
1613 3900 1742 3970 nutribo
1770 3902 1847 3989 quie
1867 3901 1879 3967 i
1900 3901 2020 3967 hubent
2049 3908 2125 3969 ente

884 4030 914 4075 o.
937 4045 980 4058 -
1002 4009 1048 4078 Ut
1070 4010 1237 4078 Terentius
1270 4012 1393 4096 ,metris
1425 4012 1551 4078 servibo
1585 4011 1784 4080 commodis‘.
1808 4049 1847 4061 -
1882 4011 1929 4078 Ut
1960 4012 2124 4098 Vergilius
2203 4063 2211 4090 ,

884 4120 1035 4206 ,sudium
1057 4124 1191 4190 ethaeo
1213 4125 1315 4192 menis
1336 4124 1444 4190 veniet
1466 4123 1544 4190 mihi
1558 4124 1646 4190 ieme
1668 4124 1727 4191 sub
1745 4123 1848 4190 imos‘.
1864 4123 1965 4190 -Eo
1988 4125 2124 4192 verbum

884 4234 1028 4300 neutrale
1061 4233 1232 4300 indicativo
1265 4234 1361 4302 modo
1393 4233 1514 4302 dictum
1546 4256 1703 4322 personne
1735 4237 1859 4324 primes
1891 4237 2125 4322 coniugationis

884 4351 1019 4430 quertue
1051 4345 1226 4432 productae
1249 4368 1286 4412 eo
1314 4348 1342 4412 is
1371 4347 1398 4413 it
1431 4348 1515 4416 imus
1537 4347 1592 4414 itis
1613 4353 1699 4431 eunt,
1732 4333 1906 4434 praeterito
1938 4348 2125 4435 imperfecto

957 4513 978 4579 ι)
994 4515 1124 4584 pemmo
1148 4516 1180 4570 ive
1202 4515 1259 4572 eod
1280 4519 1471 4586 perturbatos
1493 4518 1604 4575 Kesls'ce
1628 4519 1659 4572 be
1681 4519 1804 4574 ordinem
1826 4519 1933 4588 redepit
1972 4517 1995 4584 ¹)
2013 4535 2125 4576 senune

887 4606 963 4659 senio
980 4605 1061 4674 cupio
1078 4605 1155 4658 nenio
1173 4605 1273 4658 leetnm
1292 4621 1321 4659 es
1340 4606 1445 4660 ieoeeso
1463 4623 1517 4660 nou
1535 4612 1578 4660 eet
1596 4607 1800 4676 frequentatio·
1818 4608 1847 4660 in
1864 4612 1924 4661 tono
1941 4606 2027 4661 olium
2045 4605 2074 4660 B
2089 4605 2124 4674 d.

888 4689 984 4762 Pomp.
1003 4694 1090 4758 ecus.
1117 4691 1267 4762 Hopeuue:
1292 4707 1403 4746 eeumco
1428 4708 1513 4746 senex
1539 4707 1599 4748 esse
1626 4693 1736 4761 incipio.
1762 4709 1845 4748 teneo
1865 4709 1919 4747 non
1946 4693 2048 4748 lectum
2073 4697 2124 4749 est.

886 4775 910 4844 ⁸)
928 4795 999 4848 quos
1016 4778 1149 4848 producte
1166 4783 1208 4832 set
1226 4779 1255 4831 in
1273 4777 1392 4832 secunde
1408 4792 1424 4831 e
1441 4782 1471 4831 et
1487 4777 1498 4831 i
1515 4794 1585 4847 quoe
1609 4783 1752 4848 correptae
1769 4782 1834 4833 eunt
1851 4779 1881 4832 in
1896 4779 1980 4833 tertie
1996 4780 2125 4849 quecui

886 4883 957 4940 quoe
974 4881 1081 4936 semper·
1101 4865 1234 4936 producte
1250 4870 1293 4918 est
1311 4862 1339 4916 B
1355 4877 1425 4918 cccv.
1444 4861 1555 4918 Min
1588 4860 1613 4926 ⁴)
1631 4865 1721 4934 prime
1743 4864 1902 4934 conlugetio
1922 4865 1952 4916 in
1975 4865 2125 4934 proeteriit

886 4953 1047 5024 inperfecto
1065 4953 1094 5006 in
1106 4953 1167 5006 henr
1185 4953 1243 5006 exit
1260 4956 1292 5005 ot
1308 4965 1369 5005 emo
1386 4949 1513 5004 cnchm
1531 4950 1567 5003 sit
1584 4949 1667 5005 sudio
1684 4950 1814 5005 eudihorn
1830 4965 1866 5004 ex
1890 4951 2040 5019 proeteriit
2057 4965 2126 5020 per-

887 5041 961 5096 lecto
978 5045 1007 5094 st
1024 5039 1099 5094 rodii
1117 5049 1144 5093 et
1162 5038 1256 5093 oudini
1276 5041 1304 5092 et
1321 5035 1442 5090 audisset
1460 5041 1489 5089 st
1511 5035 1650 5090 rodininse
1673 5036 1794 5092 monde
1816 5037 1900 5092 doceo
1922 5036 2003 5091 docui
2028 5037 2059 5090 in
2076 5053 2126 5092 so-

887 5129 973 5182 lutum
1000 5126 1027 5180 ui
1051 5126 1109 5180 exit
1132 5126 1215 5180 tertie
1231 5124 1389 5193 coniugatio
1407 5124 1415 5176 i
1435 5125 1560 5190 correpte
1576 5123 1634 5176 exit
1662 5128 1762 5192 querte
1786 5123 1919 5192 producte
1942 5128 1974 5178 ut
2000 5123 2076 5178 mcii
2093 5121 2122 5176 B

886 5211 1109 5281 corr.1lapensr
1142 5211 1164 5270 ⁵)
1182 5217 1210 5264 et
1228 5209 1324 5264 Betui
1342 5207 1477 5278 Homer
