4930 6352
1195 584 1403 646 ..14-

910 769 1037 850 quando
1059 769 1275 834 nominativus
1298 769 1349 833 vel
1370 790 1425 835 um
1448 770 1499 835 vel
1520 790 1558 834 us
1577 769 1673 834 luerit
1692 769 1892 852 terminatum,
1915 775 1951 835 ut
1965 774 2045 856 puta
2059 767 2155 834 Ilium

909 879 1113 947 Antandrum
1135 880 1333 948 Adrumatus
1356 879 1545 947 adverbium
1568 883 1600 946 in
1616 882 1686 947 loco
1710 880 1786 946 iacit
1805 881 1857 946 Ilii
1873 879 2155 963 <Antandri>')

910 991 1091 1058 Adrumeti.
1114 1014 1187 1058 cum
1209 1001 1318 1058 antam
1347 993 1561 1059 nominativus
1591 993 1662 1060 aliis
1684 994 1803 1079 regulis
1830 992 1927 1058 fuerit
1956 994 2155 1074 terminatus,

911 1105 1086 1170 secundum
1108 1105 1253 1171 dativum
1275 1105 1352 1170 lacit
1382 1106 1569 1170 adverbium
1590 1114 1628 1171 ιιι
1656 1111 1734 1191 puto
1758 1104 1921 1189 Carthago
1951 1104 2068 1170 libus:
2100 1105 2155 1170 ad-

911 1216 1056 1282 verbium
1078 1217 1140 1282 loci
1173 1219 1206 1282 iu
1235 1219 1304 1282 loco
1338 1220 1398 1282 erit
1433 1217 1620 1303 Carthagini
1650 1239 1731 1300 sum,
1765 1216 1876 1282 Tiburi
1908 1239 1989 1283 sum.
2035 1216 2077 1282 ab
2106 1216 2155 1281 hia

911 1330 1031 1416 regulis
1053 1349 1157 1414 pauca
1180 1329 1371 1394 anctoritate
1391 1337 1545 1416 usurpata
1567 1337 1658 1414 sunt,
1688 1339 1723 1394 ut
1745 1327 1897 1394 Narbona
1919 1329 1965 1394 lui
1994 1351 2052 1416 pro
2073 1327 2155 1394 Nar·

911 1442 1003 1525 boni3
1027 1442 1202 1507 ablativum
1218 1443 1324 1528 posuit
1335 1464 1394 1528 pro
1409 1442 1535 1509 dativo:
1559 1441 1727 1508 Sallustius
1739 1441 1903 1523 ,Narbone
1914 1461 1972 1528 per
1987 1443 2156 1508 concilium

912 1555 1099 1636 Gallorum,
1130 1553 1242 1620 Cicero
1264 1557 1297 1620 in
1327 1555 1512 1642 Philippicis
1535 1576 1619 1639 ,cum
1648 1562 1684 1621 tu
1712 1555 1865 1620 Narbone
1895 1575 2021 1620 mensas
2050 1553 2155 1642 hospi-

910 1673 979 1732 tum
1003 1667 1227 1734 convomeres‘.
1252 1703 1292 1714 -
1315 1667 1482 1733 Adverbia
1504 1689 1588 1754 quae
1610 1669 1789 1754 comparari
1812 1675 1945 1754 possunt
1967 1667 2001 1732 in
2019 1668 2154 1754 positivo
2233 1710 2240 1734 ,

911 1777 1043 1863 gradu²)
1067 1781 1175 1844 autin
1198 1800 1217 1845 a
1241 1781 1349 1846 autin
1374 1787 1422 1844 tar
1445 1782 1535 1845 exire
1557 1789 1707 1866 possunt,
1730 1787 1766 1845 ut
1788 1780 1881 1845 docta
1904 1779 2153 1864 admirabiliter;

911 1892 1146 1974 comparativus
1162 1913 1237 1957 vero
1253 1892 1371 1978 gradus
1386 1894 1418 1956 in
1436 1893 1598 1957 adverbiis
1612 1913 1738 1976 semper
1760 1893 1792 1955 in
1816 1893 1864 1956 ius
1881 1893 1958 1972 exit,
1980 1899 2017 1956 ιιι
2031 1892 2154 1958 doctius

911 2003 1147 2086 admirabilius;
1170 2004 1384 2088 superlativus
1406 2025 1481 2068 vero
1504 2006 1537 2069 in
1557 2025 1574 2068 e
1596 2025 1723 2090 semper
1745 2005 1822 2085 exit,
1845 2012 1881 2068 ut
1903 2004 2085 2068 doctissime
2100 2004 2155 2069 ad·

912 2115 1157 2179 mirabilissime.
1204 2115 1359 2180 adverbia
1383 2123 1458 2180 tuno
1482 2118 1514 2180 in
1537 2125 1585 2180 ter
1608 2123 1738 2198 exeunt,
1761 2117 1888 2202 quando
1911 2118 2039 2181 dativus
2062 2137 2155 2182 casua

911 2227 1081 2311 singularis
1105 2228 1114 2290 i
1137 2227 1243 2290 littera
1273 2228 1478 2306 terminatur,
1509 2235 1545 2292 nt
1574 2226 1768 2312 <agili>³)
1799 2229 1940 2314 agiliter3
1970 2237 2046 2293 tunc
2076 2228 2109 2294 in
2138 2249 2156 2290 e

913 2351 1041 2419 exeunt,
1066 2339 1192 2424 quando
1208 2339 1335 2402 dativus
1348 2359 1440 2404 casus
1453 2340 1623 2424 singularis
1639 2363 1656 2404 o
1674 2342 1779 2406 littera
1790 2341 1988 2422 terminatur,
2012 2348 2047 2404 ut
2062 2341 2155 2406 docto

912 2450 1015 2515 docta.
1038 2459 1148 2514 contra
1172 2451 1253 2515 hanc
1278 2453 1420 2535 regulam
1443 2453 1647 2516 inveniuntur
1668 2473 1739 2516 rare
1762 2453 1951 2518 auctoritate
1973 2451 2155 2539 usurpata¹)
2236 2493 2242 2510 ·

911 2573 947 2627 ut
970 2563 1066 2626 durus
1097 2562 1217 2626 duriter
1247 2563 1439 2628 inhumanus
1469 2564 1692 2628 inhumaniter.
1737 2566 1813 2630 item
1837 2573 1910 2629 sunt
1940 2566 2003 2630 alia
2033 2587 2155 2652 quaec

910 2675 1052 2738 litteram
1075 2674 1106 2737 in
1131 2694 1165 2738 er
1188 2683 1376 2739 convertunt
1398 2681 1434 2740 nt
1458 2676 1597 2740 violento
1621 2677 1786 2741 violenter.
1810 2679 1886 2741 item
1909 2697 1951 2742 ex
1972 2677 2033 2741 hac
2053 2677 2156 2743 forma

911 2787 1148 2866 mutuamina,
1172 2807 1293 2870 quaec
1317 2786 1458 2850 litteram
1480 2789 1512 2852 in
1535 2789 1545 2852 i
1568 2796 1759 2854 convertunt
1782 2796 1813 2854 et
1836 2795 1886 2853 tus
1914 2790 2075 2875 syllabam
2105 2809 2156 2854 ac·

913 2898 1044 2982 cipiunt,
1067 2905 1102 2962 ut
1125 2897 1231 2962 divino
1255 2899 1407 2963 divinitus
1431 2901 1520 2964 caclo
1545 2901 1687 2964 caelitus.
1710 2909 1784 2965 sunt
1807 2901 1889 2980 alia,
1912 2921 1994 2987 quae
2017 2899 2154 2986 [gerara]

913 3009 989 3074 dum
1012 3009 1156 3074 dativum
1181 3011 1213 3073 in
1237 3033 1255 3074 o
1285 3032 1348 3075 non
1372 3012 1517 3094 mittant,
1552 3011 1691 3096 regula)
1715 3013 1839 3076 variata
1869 3012 2021 3078 adverbia
2050 3015 2084 3078 in
2104 3019 2157 3078 tus

914 3121 1059 3202 mittant,
1079 3124 1083 3202 Ι
1103 3143 1180 3186 nam
1202 3121 1296 3186 radix
1317 3121 1395 3186 facit
1416 3122 1570 3188 radicitus
1592 3131 1624 3188 st
1646 3124 1791 3189 dativum
1813 3125 1911 3190 mittit
1932 3126 1965 3190 in
1988 3125 2009 3190 i.
2042 3135 2075 3190 et
2097 3123 2157 3190 hoo

913 3253 1016 3319 paena
1039 3233 1080 3297 ab
1103 3233 1249 3300 omnibus
1272 3234 1442 3320 generibus
1465 3234 1613 3302 decurrit
1657 3257 1733 3302 nam
1755 3237 1937 3302 medullitus
1964 3236 2157 3302 alemininc

914 3365 1031 3430 genere
1049 3345 1237 3410 adverbium
1253 3345 1340 3427 iacit,
1364 3345 1447 3433 quod
1464 3353 1512 3410 est
1531 3348 1654 3431 primae
1670 3349 1900 3413 declinationis.
1923 3369 1999 3433 ergo
2020 3347 2156 3434 [regula]

913 3457 1028 3524 horum
1051 3458 1215 3522 nominum
1238 3479 1320 3544 quaa
1344 3465 1463 3524 exeunt
1486 3461 1518 3524 in
1542 3481 1561 3524 a
1586 3461 1739 3526 adverbia
1760 3461 1792 3524 in
1815 3459 1880 3542 uel)
1908 3462 2031 3526 vadunt
2053 3481 2158 3548 pauca

914 3589 996 3655 quas
1019 3570 1192 3635 auctoritas
1216 3570 1392 3655 adprobat,
1424 3579 1459 3634 ut
1483 3571 1623 3635 medulla
1645 3572 1829 3636 medullitus
1859 3580 1892 3636 et
1913 3595 1933 3637 a
1955 3573 2096 3638 secunda
2118 3575 2159 3638 si·

914 3682 1041 3764 militer,
1064 3689 1100 3746 ut
1122 3683 1246 3746 caelum
1270 3683 1404 3746 caelitus
1427 3689 1459 3746 et
1482 3705 1501 3747 a
1523 3686 1618 3748 tertia
1641 3684 1796 3767 similiter,
1822 3691 1858 3747 nt
1880 3684 2158 3750 radix-radicitus.

914 3794 978 3858 alia
1000 3814 1083 3880 quae
1106 3795 1261 3878 originem
1284 3815 1346 3858 non
1370 3794 1489 3860 habent
1512 3805 1547 3859 ut
1570 3797 1705 3880 penitus.
1728 3800 1840 3872 <a>
1857 3805 1971 3881 quarta
1993 3804 2025 3862 at
2047 3799 2159 3885 quinta

915 3903 1128 3994 declinatione
1150 3925 1307 3990 nusquam
1330 3907 1448 3970 lectum
1472 3908 1627 3994 estquod
1650 3908 1803 3972 adverbia
1825 3909 1857 3972 in
1879 3929 1917 3973 us
1941 3910 2078 3975 mittunt.

1357 4071 1420 4143 DE
1449 4073 1731 4145 PriR'l'lOlPlO.

1021 4204 1230 4292 Participium
1253 4206 1374 4272 dictum
1404 4207 1487 4288 quod
1512 4214 1637 4294 partem
1660 4207 1721 4272 sibi
1754 4209 1842 4274 verbi
1865 4217 1992 4296 partem
2021 4209 2081 4275 sibi
2104 4231 2159 4276 no·
2238 4262 2245 4286 ‚

333 4380 427 4450 ⁸⁸⁸2¹⁸
524 4377 631 4434 Genera
677 4379 885 4448 participiorum
919 4318 1011 4382 minis
1034 4319 1135 4383 tollat.
1180 4340 1255 4384 nam
1280 4341 1299 4384 a
1321 4321 1450 4384 nomine
1474 4322 1556 4386 tollit
1578 4331 1671 4384 cas'ns
1694 4329 1726 4385 st
1749 4341 1878 4406 genera,
1901 4345 1921 4388 a
1943 4323 2040 4388 verbo
2063 4324 2161 4408 signi.

490 4487 514 4503 ..
533 4454 597 4502 sunt
622 4455 750 4518 quattuor
768 4487 792 4502 ..
811 4463 886 4501 mas-
917 4431 1080 4496 ficationes
1104 4439 1136 4495 at
1158 4439 1320 4518 tempora,
1351 4432 1391 4496 ab
1421 4434 1564 4519 utrisque
1594 4433 1738 4518 partibus
1768 4455 1934 4500 numerum
1958 4443 1989 4501 et
2012 4436 2159 4520 figlinam.

489 4517 844 4642 fflfiffusstufflgffllffi
861 4553 886 4638 [j
918 4537 1049 4625 simila)
1073 4551 1234 4608 nomenst
1256 4544 1459 4628 participium
1483 4545 1562 4608 haec
1580 4565 1631 4609 ras
1654 4527 1820 4610 discernit:
1844 4546 1939 4633 quod,
1962 4548 1989 4612 si
2012 4550 2161 4633 genetivo

490 4672 632 4738 commune
648 4656 764 4739 tribus
783 4671 887 4722 gano·
918 4655 1027 4736 servit,
1049 4676 1167 4720 nomen
1190 4663 1248 4738 est,
1271 4656 1298 4720 ai
1321 4658 1512 4732 accusativo,
1536 4651 1749 4743 participium.
1774 4657 1911 4743 prudens
1934 4669 1983 4726 cst
2004 4661 2088 4725 illins
2104 4663 2160 4743 rei,

490 4725 778 4864 ζζῗοεοιῖξέζὲξι
801 4725 887 4777 hm
917 4767 1061 4853 prudens
1095 4773 1144 4831 ost
1174 4766 1215 4830 ad
1245 4767 1334 4832 illam
1363 4769 1540 4849 ram-hic.
1571 4777 1696 4854 tempus
1725 4769 1882 4854 designat.
1917 4808 1953 4820 -
1985 4771 2161 4859 Participia

991 4937 1009 4998 ¹)
1025 4937 1116 5006 suppl.
1148 4937 1254 4992 Keil-ies
1289 4936 1309 5000 'l
1328 4957 1388 4994 enm
1416 4942 1535 5008 position
1562 4943 1697 5010 singulari
1724 4939 1752 4994 B
1775 4956 1845 4996 corr.
1873 4942 1982 4997 Rectus
2023 4943 2044 5008 ι)
2071 4943 2159 5013 suppl.

792 5057 794 5070 .
917 5024 1028 5080 Kailios
1051 5024 1073 5090 ⁴)
1083 5025 1601 5098 auetoritatssutsurpataoBattara.
1612 5031 1694 5092 22‚11.
1717 5025 1738 5078 't
1748 5029 1845 5096 regula
1855 5029 2011 5094 infremuit
2023 5032 2160 5085 intrusum
2232 5013 2235 5022 ⁵

916 5111 1077 5166 cacabulum
1093 5111 1146 5166 buc
1163 5113 1333 5180 transposuit
1345 5111 1509 5186 ,Srlvcallias
1533 5111 1555 5175 ο)
1573 5116 1620 5182 qui
1639 5121 1740 5169 exeunt
1759 5117 1788 5168 iu
1806 5117 1937 5169 adverbia
1955 5118 1983 5168 in
2002 5134 2034 5171 us
2046 5117 2073 5170 B
2091 5133 2160 5172 corr.

746 5237 771 5246 ,ι
867 5237 871 5246 .
918 5196 1311 5266 Satellius⁷tstmuitar13
1333 5225 1365 5263 γι,
1423 5251 1426 5258 ,
1462 5225 1519 5272 .·,¹
1680 5225 1682 5230 ·
