4930 6352
1053 1475 1324 1604 Praelatio.

416 2053 421 2062 '
470 1939 609 2038 Cledoni
642 1967 674 2030 iu
708 1971 777 2030 arte
810 1967 1023 2051 grammatica
1055 1969 1109 2054 qui
1146 1989 1187 2032 ex
1224 1968 1327 2032 turbis
1362 1969 1394 2032 in
1424 1988 1516 2032 suum
1547 1967 1684 2053 quidque
1714 1967 1819 2032 locum
1852 1969 2021 2034 restituere

365 2091 514 2168 conetur,
536 2103 602 2152 ‘suo
624 2088 692 2152 iure
715 2087 935 2172 quaestionem
964 2096 1136 2174 proponet,
1171 2110 1233 2174 quo
1255 2088 1349 2154 modo
1373 2087 1543 2172 atquibus
1566 2086 1606 2151 ds
1635 2088 1756 2152 caussis
1779 2087 1852 2152 talis
1876 2095 1908 2152 et
1929 2095 2021 2154 tanta

364 2197 441 2262 oriri
463 2199 602 2281 potuerit
624 2206 794 2263 contextus
816 2199 1024 2284 perturbatio.
1048 2200 1140 2275 Quod
1156 2207 1225 2266 tum
1247 2200 1376 2264 demum
1400 2199 1545 2275 elucebit,
1569 2220 1642 2264 cum
1661 2199 1796 2282 noveris,
1820 2221 1883 2285 qua
1897 2201 2022 2266 ratione

364 2311 594 2393 grammaticus
616 2311 686 2396 ipse
707 2312 973 2376 commentarium
995 2311 1176 2377 instituerit.

470 2421 533 2496 Qui
556 2443 628 2487 cum
652 2425 800 2488 continuo
823 2444 969 2489 sermone
998 2445 1062 2490 non
1084 2426 1263 2510 scripserit,
1298 2429 1354 2488 aut
1382 2423 1553 2508 unicuique
1585 2423 1870 2508 interpretamento
1900 2423 2021 2490 Donati

364 2533 465 2598 verba
486 2535 646 2599 lemmatis
669 2535 737 2599 loco
753 2537 972 2620 anteposuisse
988 2535 1179 2620 cogitandus
1202 2542 1251 2600 est
1270 2533 1406 2620 -quod
1427 2535 1461 2600 in
1477 2532 1665 2599 Commento
1687 2533 1882 2600 Elinsidleusi
1895 2535 2019 2602 Anecd.

364 2644 497 2710 Helvet.
519 2667 594 2731 pag.
618 2649 789 2712 202—266
811 2647 930 2712 factum
955 2647 1100 2712 videmus
1124 2687 1165 2698 -
1187 2655 1244 2713 aut
1265 2646 1386 2710 Donati
1420 2647 1586 2710 contextui
1615 2668 1673 2710 sua
1702 2648 1820 2732 partim
1849 2647 2020 2712 inseruisse

364 2759 484 2844 partim
513 2759 699 2845 apposuisse
727 2760 846 2844 partim
874 2759 1075 2824 subnotasse.
1120 2747 1238 2825 Utrum
1268 2759 1388 2824 factum
1421 2759 1462 2824 sit
1491 2761 1644 2825 lemmata
1673 2762 1761 2847 ipsa,
1797 2759 1903 2846 qualia
1936 2782 2021 2826 nunc

364 2871 525 2956 leguntur,
549 2873 627 2937 satis
650 2878 760 2958 aperto
783 2871 1012 2938 demonstrant.
1057 2871 1203 2954 Etenim,
1232 2873 1258 2936 si
1280 2874 1434 2937 lemmata
1455 2872 1524 2957 ipse
1547 2872 1695 2958 apposuit
1717 2873 1955 2956 grammaticus,
1979 2873 2021 2938 ad

365 2983 472 3048 ebena
492 2984 604 3048 referri
625 2983 800 3068 alienisque
823 2985 948 3048 misceri
971 2985 1191 3049 commentarii
1211 2985 1312 3049 verba
1333 3007 1398 3050 uon
1421 2991 1602 3070 potuerunt.
1640 2983 1796 3050 Attamen
1818 2984 1878 3050 hoe
1900 2985 2021 3052 factum

365 3115 436 3160 esse
469 3115 511 3160 ex
546 3094 703 3180 exemplis
740 3093 901 3160 nonnullis
931 3097 1095 3161 evincitur.
1147 3095 1230 3181 Peg.
1265 3097 1317 3177 69,
1330 3142 1410 3180 „„„
1443 3104 1492 3160 est
1521 3095 1665 3161 collectio
1695 3117 1811 3162 earum
1836 3095 2021 3181 dictionum,

365 3228 449 3293 quae
472 3206 591 3272 dubiae
613 3213 687 3270 sunt
708 3206 791 3271 inter
821 3206 1010 3273 adverbium
1033 3215 1065 3272 et
1095 3211 1175 3274 alias
1198 3211 1350 3274 orationis
1380 3215 1505 3294 partes,
1536 3210 1582 3272 ita
1613 3217 1817 3295 comparata,
1846 3217 1884 3274 ut
1913 3209 2022 3274 omnia

364 3321 449 3385 inter
471 3341 505 3384 se
528 3319 731 3384 cohaereant.
775 3318 894 3402 Agitur
917 3321 956 3384 de
980 3329 1113 3386 accentu
1137 3343 1199 3407 quo
1222 3321 1359 3386 discerni
1381 3322 1498 3407 possit,
1530 3322 1657 3385 cuinam
1679 3320 1763 3405 parti
1784 3321 1911 3405 singula
1933 3321 2022 3386 attri-

364 3431 494 3497 buenda
516 3432 589 3496 sint.
635 3431 701 3496 Sub
724 3432 820 3496 finem
842 3433 1043 3518 glossematis
1066 3434 1100 3497 in
1123 3433 1248 3498 verbis:
1284 3455 1390 3515 ,sensu
1418 3454 1493 3506 vero
1524 3433 1733 3498 discernimus
1755 3431 1840 3496 ante‘
1864 3433 2022 3518 oppositio

365 3546 459 3626 inest,
482 3565 564 3629 quas
586 3544 619 3608 in
641 3544 711 3630 ipso
733 3547 962 3610 commentario
985 3546 1172 3610 nonhabet
1195 3567 1257 3631 quo
1279 3545 1445 3610 referatur.
1469 3545 1584 3630 Itaque
1608 3543 1649 3608 ad
1668 3543 1831 3608 Donatum
1854 3543 2023 3608 referenda

365 3663 425 3739 est,
446 3657 479 3721 in
502 3657 591 3722 cuius
612 3656 694 3721 libro
716 3657 852 3740 legimus
874 3678 949 3743 pag.
966 3659 1039 3742 387,
1052 3680 1081 3742 8:
1120 3658 1245 3739 ,horum
1271 3656 1430 3744 quaedam
1452 3662 1630 3722 accentu
1653 3654 1882 3721 discernimus}
1926 3655 2022 3720 Lem·

365 3775 452 3834 mate
473 3788 549 3868 vepo
565 3768 766 3833 continentur
787 3776 932 3833 extrenm
955 3771 1056 3835 verba
1078 3769 1171 3834 huius
1194 3769 1352 3834 enuntiati
1373 3789 1449 3856 pag.
1471 3770 1545 3852 387,
1558 3791 1587 3853 ⁴:
1622 3775 1708 3850 ,sunt
1729 3768 1849 3833 multae
1867 3767 2022 3833 dictiones

365 3879 485 3945 dubiae
509 3929 537 3945 ..
561 3881 643 3945 inter
674 3880 861 3945 adverbium
884 3887 916 3944 et
945 3881 1082 3946 verbum
1102 3887 1139 3945 nt
1171 3875 1277 3966 pone‘
1320 3880 1392 3945 Iam
1420 3886 1457 3945 ut
1479 3880 1625 3945 omittam
1653 3880 1773 3944 lemma
1801 3879 1840 3944 iis
1870 3879 2023 3964 anteponi

365 3991 504 4078 quaeda
527 3990 582 4073 ,ut‘
598 3991 736 4056 dictione
758 3992 961 4079 proferuntur
977 3993 1093 4074 verbis,
1116 4015 1194 4058 num
1216 3993 1265 4058 his
1280 3993 1465 4077 ascripsisse
1481 3993 1617 4077 cogitari
1638 3997 1743 4078 potest
1759 3992 2021 4075 grammaticum:

365 4125 459 4191 ,pone
482 4105 510 4168 si
531 4109 616 4169 retro
639 4105 815 4188 significat,
844 4106 1083 4168 circumflexum
1113 4103 1246 4169 habet‘l
1290 4104 1433 4187 Minime,
1467 4105 1524 4168 sed
1545 4104 1696 4169 librarius
1731 4124 1803 4167 oum
1826 4103 1959 4168 vidisset
1982 4102 2022 4167 de

366 4215 421 4299 ,nt‘
446 4222 477 4280 et
500 4215 603 4302 ,pone‘
626 4215 819 4281 dictionibus
848 4215 947 4280 verba
976 4216 1062 4298 fiori,
1093 4216 1178 4302 quod
1200 4217 1233 4280 in
1254 4215 1377 4281 Donati
1407 4223 1562 4282 contextu
1591 4217 1713 4280 invenit
1748 4221 1795 4297 ,ut
1816 4213 1910 4300 pono‘
1933 4220 2023 4278 ante-
2147 4305 2149 4311 J

364 4328 481 4413 posuit.
504 4327 579 4392 Huc
600 4327 734 4409 accedit,
758 4335 793 4392 ut
815 4349 890 4412 pag.
914 4329 965 4410 68,
979 4373 1006 4412 ,4
1036 4329 1173 4410 lemma,
1203 4349 1278 4412 pag.
1311 4329 1362 4409 68,
1376 4373 1403 4412 ,³
1434 4329 1595 4413 glossema
1625 4328 1666 4393 ad
1697 4328 1782 4392 huno
1803 4327 1911 4392 locum
1932 4347 2022 4411 speo-

364 4440 468 4505 tantia
489 4440 556 4504 iam
577 4441 677 4505 allata
698 4441 771 4505 sint.

467 4550 616 4616 Alterum
644 4554 737 4638 pravi
766 4553 926 4617 lemmatis
956 4552 1141 4636 exemplum
1174 4557 1281 4617 exstat
1316 4574 1391 4639 pag.
1423 4553 1475 4635 59,
1489 4599 1512 4636 4.
1552 4551 1763 4618 Grammatici
1796 4549 1896 4615 verba
1930 4557 2020 4614 sunt:

366 4665 451 4750 ,quia
474 4665 577 4729 omnis
598 4665 703 4750 prima
725 4685 863 4750 persona
885 4670 1031 4749 correpta
1063 4662 1132 4747 est‘,
1161 4665 1296 4729 lemma:
1332 4672 1416 4748 ,sunt
1439 4666 1537 4743 etiam
1566 4663 1807 4750 monosyllaba,
1838 4683 1921 4748 quae
1948 4660 2022 4726 ideo

366 4775 463 4841 etiam
486 4775 642 4863 producta
664 4775 758 4859 sunt‘,
793 4797 875 4862 quae
905 4777 968 4842 sibi
997 4775 1190 4862 respondere
1219 4797 1283 4841 non
1305 4798 1400 4863 posse
1421 4778 1637 4864 unusquisque
1660 4774 1762 4863 primo
1786 4774 1902 4839 obtutu
1923 4773 2020 4837 videt.

365 4883 430 4952 Sed
452 4886 573 4952 Donati
602 4887 774 4952 verborum
798 4889 923 4954 ratione
951 4887 1066 4954 habita
1099 4865 1230 4975 optimis
1259 4889 1348 4954 libris
1382 4889 1608 4977 comprobatur
1635 4889 1727 4954 illum
1756 4885 1836 4970 ,sols
1864 4883 2023 4972 producta

364 4997 449 5064 sunt‘
472 4999 646 5085 scripsisse,
668 5019 730 5087 quo
752 4999 838 5065 facto
861 5001 969 5064 omnia
990 5001 1088 5086 plana
1110 5000 1260 5086 omnaque
1282 5007 1365 5066 sunt.
1412 4999 1530 5084 ,Etiam
1553 5008 1664 5066 contra
1685 4997 1833 5084 regulam
1851 4995 2021 5083 producta‘

362 5108 485 5177 Donati
506 5109 671 5176 Parisinus
692 5111 837 5199 praebet,
859 5133 996 5198 quocum
1017 5111 1146 5199 saepius
1168 5113 1316 5198 congruit
1336 5113 1525 5178 lemmatum
1547 5114 1715 5200 scriptura.
1745 5109 1810 5176 Sed
1833 5107 2022 5176 Oledonium

363 5224 469 5310 ipsum
502 5223 557 5288 alii
589 5225 753 5288 contextui
786 5224 1052 5290 commentarium
1082 5226 1271 5310 apposuisse
1302 5225 1400 5289 etiam
1434 5245 1477 5290 ex
1509 5245 1585 5311 pag.
1617 5225 1675 5307 78,
1689 5270 1755 5308 ,-„
1792 5223 2020 5308 intellegimus,
