4930 6352
1060 723 1272 791 ..15-

779 913 885 978 omnia
907 915 1060 999 temporis
1082 914 1259 1001 praesentis
1288 932 1371 994 quae
1392 915 1524 979 veniunt
1555 915 1597 979 ab
1629 915 1741 979 estivis
1764 921 1796 979 et
1826 913 2025 978 neutralibus

778 1025 887 1090 verbis
909 1026 961 1090 vel
983 1047 1002 1090 a
1025 1025 1257 1112 deponentibus
1279 1026 1330 1090 vel
1353 1046 1373 1090 a
1396 1025 1632 1108 communibus,
1656 1045 1781 1112 semper
1804 1026 1930 1110 generis
1952 1031 2026 1091 sunt

778 1138 891 1201 omnis.
936 1137 1106 1223 perticipie
1129 1158 1255 1224 semper
1286 1139 1383 1202 totius
1406 1139 1533 1222 generis
1563 1136 1743 1203 ablativum
1774 1137 1970 1222 singularem
1992 1137 2026 1201 in

778 1269 797 1313 e
818 1250 959 1314 litteram
981 1252 1120 1315 mittunt.
1144 1251 1314 1337 participis
1336 1251 1369 1313 in
1390 1269 1425 1313 se
1446 1249 1586 1314 invicem
1608 1250 1654 1314 ita
1672 1256 1856 1315 recurrunt:
1880 1250 1907 1314 si
1929 1251 2026 1336 parti·

779 1361 861 1447 cipio
884 1363 1061 1445 praesentis
1084 1365 1235 1447 temporis
1265 1363 1360 1427 tolles
1383 1385 1397 1425 s
1422 1363 1561 1427 litteram
1581 1367 1614 1425 et
1645 1360 1746 1426 eddas
1769 1362 1845 1446 dus,
1880 1359 1958 1426 lacis
1978 1360 2026 1424 fu·

717 1459 719 1464 ¹
779 1481 886 1537 turum
908 1479 1033 1560 tempus
1057 1495 1076 1538 a
1099 1476 1235 1560 passivo,
1258 1482 1295 1538 ut
1316 1473 1483 1538 amandus.
1518 1474 1596 1537 item
1619 1474 1645 1536 si
1668 1473 1836 1559 participio
1863 1473 2025 1560 praeteriti

778 1586 930 1670 temporis
947 1583 1000 1668 [ab
1017 1584 1161 1670 sctiv0]¹)
1181 1587 1275 1650 tollas
1292 1609 1306 1649 s
1323 1592 1355 1650 et
1371 1585 1471 1650 addes
1493 1605 1558 1666 rue,
1580 1585 1679 1650 facies
1701 1585 1906 1671 participium
1927 1583 2026 1648 muri

779 1697 932 1783 temporis
944 1698 985 1762 sb
996 1699 1110 1776 activo,
1123 1705 1159 1762 ut
1168 1707 1342 1762 amaturus.
1366 1699 1471 1762 neutri
1480 1696 1624 1782 regulum
1633 1696 1674 1761 ab
1683 1697 1779 1762 activi
1791 1693 2024 1782 <regula>²)

778 1810 938 1895 intellegis
961 1811 1036 1894 quie
1058 1809 1159 1895 ipsam
1184 1810 1336 1895 sequitur.
1382 1809 1545 1895 deponens
1569 1808 1706 1872 verbum
1728 1809 1847 1894 passivi
1879 1809 2024 1893 regulam

378 1909 568 2032 gemwstt
582 1911 748 2032 svfflllTl’l·
779 1921 930 2002 sequitur.
943 1956 985 1967 -
996 1921 1204 2006 Participium
1216 1941 1368 2006 praesens
1391 1921 1422 1983 iu
1435 1941 1472 1982 ns
1484 1919 1607 1983 litteras
1629 1939 1755 2006 semper
1771 1921 1959 1985 terminetur
1981 1920 2023 1986 ab

351 1996 369 2048 p
438 1997 555 2047 umque
598 1998 612 2031 u
652 2020 659 2032 ⁴
708 1997 748 2032 m
780 2035 866 2098 omni
888 2035 986 2098 verbo
1009 2033 1049 2098 ab
1078 2035 1162 2098 omni
1186 2033 1409 2116 coniugatione
1440 2039 1474 2095 ut
1505 2053 1616 2095 amans
1639 2031 1757 2096 docens
1786 2033 1907 2117 legens.
1933 2054 2024 2118 prae·

780 2148 908 2209 teritum
933 2147 1136 2232 perticipium
1157 2168 1194 2209 us
1218 2167 1343 2230 sempor
1366 2146 1555 2207 terminatur
1578 2151 1609 2207 et
1632 2151 1681 2208 est
1704 2146 1829 2226 generis
1859 2143 2025 2209 masculini

780 2265 815 2321 ut
837 2257 948 2320 doctus
971 2267 1097 2322 amatus
1120 2258 1229 2321 lectus.
1253 2258 1395 2320 futurum
1419 2256 1622 2342 perticipium
1638 2255 1762 2319 duabus
1786 2258 1903 2341 regulis
1918 2256 2026 2320 termi-

779 2376 883 2450 netur,
906 2370 938 2432 in
961 2369 1020 2432 dus
1044 2391 1063 2432 a
1085 2371 1244 2454 praesenti
1268 2377 1304 2434 ut
1326 2369 1436 2453 legens
1450 2367 1614 2450 legendus,
1631 2368 1663 2430 in
1678 2389 1731 2430 rus
1755 2389 1774 2430 e
1796 2370 1968 2454 praeterito
1990 2374 2026 2432 ut

277 2499 287 2524 ³
375 2477 607 2560 'significationes
631 2480 748 2560 partisi—
780 2483 879 2545 lectus
903 2479 1080 2562 lecturusll.
1104 2515 1146 2526 -
1168 2479 1246 2544 Ideo
1270 2481 1344 2566 quia
1367 2480 1463 2544 activi
1488 2478 1550 2542 duo
1585 2479 1754 2565 partieipia
1785 2487 1871 2544 tenet
1901 2488 1932 2546 ct
1962 2480 2025 2545 duo

353 2564 524 2670 diffindi
541 2555 697 2683 §upapam
732 2565 749 2600 ⁸
780 2593 908 2678 passivi,
931 2600 1100 2678 propterea
1123 2613 1289 2657 commune
1311 2592 1444 2656 verbum
1466 2597 1617 2676 quattuor
1639 2590 1809 2676 participis
1839 2591 1960 2678 recipit.
1983 2628 2025 2639 -

354 2685 748 2821 Γᾶῗέξζῖξζξῇῑξᾎρυῑοο·
780 2706 863 2779 Quis
886 2707 981 2770 activi
1005 2707 1186 2791 passivique
1209 2705 1475 2790 significationem
1498 2704 1705 2782 demonstrat,
1729 2709 1897 2788 propterca
1916 2725 2025 2770 eorum

390 2823 541 2891 Figurae
562 2825 748 2892 participi·
781 2816 855 2881 bine
877 2817 1056 2903 participia.
1099 2857 1104 2862 ·
1146 2815 1331 2882 Communis
1354 2836 1504 2880 numerus
1522 2815 1555 2878 in
1578 2815 1752 2901 participiis
1775 2835 1948 2897 numquam
1971 2815 2025 2880 de-

353 2908 455 3014 ⁰D¹u¹22¹
500 2900 590 2960 ‘¹¹¹⁰‘
639 2895 749 2948 ΝΜ
780 2925 1814 3015 prehenditur.--Quoordiucparticipiscomponuntur⁴)tquo
1830 2936 1862 2992 et
1884 2931 2024 2993 nomina.

379 3030 448 3151 ⁸⁰2
467 3030 748 3150 destinationem
781 3075 822 3085 —
845 3040 1020 3128 Perticipis
1044 3062 1126 3124 quae
1150 3043 1280 3106 veniunt
1313 3042 1353 3106 ab
1378 3042 1484 3105 activo
1517 3042 1569 3105 vel
1598 3039 1736 3104 neutrali
1769 3040 1868 3105 verbo
1899 3061 2025 3126 semper

353 3115 749 3250 irs'·t¹9⁰1·n¹}›¹0'rri.‘⁸ie⁸g⁰si}
780 3155 907 3237 generis
930 3161 1003 3218 sunt
1027 3155 1138 3223 omnis.
1167 3191 1196 3200 -—
1226 3155 1403 3240 Perticipia
1425 3154 1487 3217 iste
1519 3153 1694 3238 praesentis
1717 3153 1868 3239 temporis
1898 3172 2025 3238 semper

354 3241 529 3305 Wlffllmm
577 3239 689 3290 'mim
733 3255 750 3290 ⁰
780 3266 894 3330 tertiae
916 3273 990 3331 sunt
1013 3267 1244 3333 declinationis.
1268 3266 1402 3330 ethaeo
1427 3273 1458 3330 et
1481 3265 1545 3330 aru
1567 3265 1684 3329 simius
1706 3265 1797 3328 uxta
1820 3265 1915 3328 istam
1930 3264 2025 3330 ussu-

353 3306 458 3358 vsrbo
502 3308 620 3359 activo
662 3316 748 3360 tem-

353 3375 448 3496 porie
482 3377 691 3454 praesentis
780 3377 942 3440 nationem
976 3378 1185 3443 inflectemus.
1221 3415 1260 3424 —
1296 3377 1430 3464 Semper
1460 3377 1630 3463 participia
1661 3377 1838 3461 praesentis
1872 3376 2024 3463 temporis

353 3444 545 3567 ‘ebolrpptpupt
568 3483 612 3566 ᾖ,
629 3444 750 3566 {bimi
780 3488 958 3554 ablativum
982 3490 1179 3575 singularem
1201 3490 1234 3554 in
1256 3511 1274 3554 s
1296 3491 1437 3554 litteram
1460 3490 1601 3573 mittunt,
1624 3488 1698 3553 licet
1720 3489 1904 3572 genetivum
1919 3490 2025 3574 pluro·

352 3582 642 3704 ‘fflofflffleffl
659 3651 750 3704 lm·
780 3599 844 3664 lem
855 3602 887 3665 in
899 3601 966 3666 ium
978 3602 1117 3667 mittunt.
1131 3601 1359 3688 -Participia
1371 3602 1432 3666 ista
1454 3601 1553 3666 iutrni
1575 3600 1727 3687 temporis
1751 3601 1792 3665 sb
1815 3601 1919 3665 activo
1941 3622 2024 3665 mas·

352 3735 413 3773 rum
437 3720 592 3842 palmi}
611 3719 751 3843 renitentis
780 3713 921 3777 culinum
954 3721 986 3778 et
1018 3719 1167 3778 neutrum
1199 3713 1358 3778 secundae
1399 3711 1621 3778 declinationis
1660 3712 1797 3796 habent,
1837 3712 2024 3778 femininum

354 3805 449 3843 1761
521 3805 559 3842 80
584 3807 637 3844 lvo
684 3805 750 3842 em-

353 3855 581 3926 postulaturi
660 3857 750 3912 dccli·
779 3824 913 3912 primae.
948 3825 1027 3890 haec
1050 3831 1082 3890 et
1104 3825 1169 3890 slis
1189 3825 1305 3890 similis
1326 3825 1420 3890 iuxta
1442 3823 1525 3890 hanc
1557 3823 1804 3891 declinationem
1834 3824 2025 3890 inflectenda

352 3927 604 4050 “amium
648 3997 749 4050 lectum
780 3943 864 4002 sunt.
893 3975 922 3984 -
949 3935 1125 4025 Participia
1146 3938 1307 4002 venientia
1328 3959 1349 4003 a
1370 3936 1469 4003 verbo
1500 3937 1629 4024 psssivo
1654 3938 1774 4003 similes
1796 3936 2025 4004 declinationes
2068 3957 2146 4021 ss,-

353 4065 502 4134 pentomis
549 4065 689 4120 venientia
733 4083 750 4119 a
779 4048 912 4114 habent.
957 4049 1037 4114 heco
1065 4049 1230 4135 praeteriti
1259 4050 1411 4136 temporis
1449 4048 1609 4115 secundae
1639 4049 1860 4115 declinationis
1889 4057 1963 4115 suunt
1992 4050 2025 4114 in

353 4133 459 4188 verbo
484 4135 593 4202 passivo
619 4139 749 4204 tempo·

352 4203 403 4256 ris
421 4201 645 4272 pmpmpp)
780 4161 955 4226 masculino
978 4167 1011 4226 et
1032 4167 1156 4244 uento,
1178 4160 1213 4225 in
1233 4159 1386 4226 feminino
1415 4161 1550 4248 primae.
1574 4197 1615 4208 -
1637 4159 1813 4248 Participis
1841 4161 1904 4228 ista
1933 4181 2026 4248 prae·
2069 4181 2145 4244 aa„

779 4272 865 4338 teriti
898 4272 1050 4360 temporis
1083 4293 1103 4338 a
1134 4273 1263 4359 passivo
1298 4272 1358 4338 has
1392 4273 1624 4340 declinationes
1655 4271 1779 4339 habent
1811 4295 1891 4360 quas
1927 4273 2026 4340 futuri

779 4384 822 4450 cb
845 4385 960 4450 sctivo.

1167 4541 1231 4615 DE
1259 4541 1630 4618 CONIUNCTIONE.

884 4713 1072 4781 Coniunctio
1095 4721 1241 4801 estpars
1263 4713 1426 4796 orationis,
1449 4712 1536 4780 dicte
1557 4712 1643 4796 quod
1664 4713 1778 4799 iunget
1800 4713 2023 4780 elocutionem.
2067 4731 2136 4796 aas

780 4847 856 4891 nam
878 4825 989 4892 sidico
1012 4845 1072 4911 ego
1095 4832 1130 4891 tu
1152 4826 1319 4908 iaciamus,
1335 4845 1400 4891 non
1421 4825 1531 4912 utique
1553 4845 1657 4891 sermo
1680 4825 1857 4912 completus
1878 4833 1945 4912 sst;
1968 4827 2025 4892 sd·

780 4935 876 5022 dito⁸)
898 4944 932 5003 at
952 4934 1138 5025 implebitur
1160 4937 1307 5021 elocutio,
1336 4943 1373 5003 ut
1401 4957 1462 5023 ego
1485 4944 1517 5004 et
1538 4943 1575 5003 tu
1595 4937 1761 5004 iaciamus.
1797 4937 1850 5004 hio
1878 4941 2024 5025 quaestio
2067 4955 2135 5023 aes

853 5106 873 5174 ¹)
890 5109 971 5165 mea
985 5109 1238 5178 acescentibus
1254 5124 1339 5179 proce
1356 5107 1573 5176 munaum·
1607 5106 1631 5175 ⁸)
1650 5108 1768 5164 mit
1779 5107 1889 5165 Kellios
1923 5109 1945 5177 ¹)
1963 5117 2023 5165 ter·
2126 5165 2130 5176 ,

782 5197 903 5250 minetur
919 5201 950 5249 ut
967 5196 1062 5264 legens
1080 5197 1200 5250 lecturas
1218 5197 1367 5268 praeterito
1394 5202 1439 5250 tus
1460 5203 1491 5251 nt
1513 5196 1601 5250 lectus
1625 5195 1759 5264 legendus
1775 5197 1896 5251 lecturus
1908 5195 1936 5249 B
1951 5211 2023 5253 corr.

783 5281 918 5350 Hamus
948 5273 974 5344 ⁴)
991 5289 1185 5352 temperantur
1202 5280 1230 5334 Β
1247 5291 1317 5336 ectr.
1336 5280 1446 5337 Ileates
1479 5281 1501 5344 ⁸)
1519 5282 1609 5336 adduc
1627 5280 1655 5334 Β
1672 5282 1767 5336 addito
1786 5281 1895 5338 Kosilaos
