4930 6352
1258 631 1303 702 lV

540 891 614 956 pag.
638 873 690 949 47,
705 915 732 954 ,2
756 869 1058 955 peripetesmotibus
1084 889 1164 934 corr.
1187 869 1488 956 peripetesmatibus

538 1001 613 1066 pag.
637 983 689 1056 51,
704 1028 729 1065 ι,
753 981 831 1044 haec
855 1029 887 1044 ..
912 979 1114 1046 subiunctiua
1136 982 1344 1068 appellaritur
1366 999 1446 1044 corr.
1470 981 1686 1067 appellabitur

539 1114 613 1179 pag,
638 1095 715 1177 52„
754 1093 933 1178 prirngenia
956 1111 1035 1156 corr.
1059 1093 1259 1178 primagenia

539 1226 614 1292 pag.
637 1207 688 1284 ct,
702 1252 728 1289 ῃ
755 1213 811 1268 aut
836 1205 868 1268 in
891 1205 915 1269 it
938 1212 973 1268 ut
996 1205 1049 1268 odi
1071 1223 1150 1270 corr.
1174 1213 1229 1268 out
1252 1207 1284 1268 in
1307 1206 1317 1269 i
1343 1227 1399 1266 -ε
1424 1224 1506 1290 quae
1529 1205 1637 1268 omnia
1659 1206 1766 1292 inepte
1789 1207 1908 1292 scripta
1931 1213 2013 1270 sunt.

556 1316 662 1402 Signis
685 1317 734 1380 his
756 1337 832 1380 usus
854 1338 942 1381 sum:
966 1317 1055 1380 uncis
1079 1319 1180 1394 <>
1204 1337 1243 1380 ea
1265 1316 1379 1380 seclusi
1402 1336 1485 1400 qnae
1507 1315 1539 1380 in
1563 1316 1672 1381 codice
1702 1319 1820 1382 omissa
1843 1317 2029 1398 inserenda,
2060 1317 2110 1382 his

392 1467 393 1473 κ
453 1429 491 1512 []
515 1449 597 1516 quse
620 1429 732 1492 vitiose
762 1430 899 1514 repetita
931 1429 981 1493 rel
1004 1428 1213 1514 interpolata,
1248 1427 1297 1493 his
1321 1431 1361 1506 t)
1385 1447 1467 1514 quae
1496 1426 1616 1493 Donati
1647 1429 1746 1495 verba
1775 1431 1902 1495 lectoris
1933 1451 2046 1494 caussa
2075 1429 2110 1494 in

452 1539 584 1606 Cledoni
608 1549 762 1605 contextu
784 1541 960 1626 repetenda
983 1559 1052 1604 csse
1077 1539 1278 1604 videbantur.
1302 1539 1421 1605 Donati
1445 1539 1542 1604 verba
1566 1541 1717 1628 adposui,
1751 1564 1815 1609 non
1839 1542 2013 1628 interposui
2038 1538 2109 1604 Cle-

451 1651 527 1718 doni
543 1653 832 1736 interpretamentis
855 1672 958 1738 neque
981 1652 1073 1715 ineis
1098 1671 1148 1714 me
1171 1651 1311 1715 continui
1334 1671 1415 1736 quae
1438 1672 1515 1717 casu
1531 1655 1633 1738 magis
1655 1676 1751 1739 quam
1767 1655 1897 1719 consilio
1920 1655 1989 1738 ipse
2005 1652 2110 1718 codex

451 1764 484 1830 B
497 1766 652 1829 serravit:
677 1785 759 1850 quae
784 1765 815 1828 in
839 1763 948 1828 codice
970 1765 1129 1828 lemmatis
1152 1764 1221 1828 loco
1238 1765 1343 1849 posita
1358 1771 1442 1844 sunt,
1468 1763 1605 1829 diductis
1620 1767 1733 1831 litteris
1756 1765 1967 1852 exprimenda
1989 1765 2109 1828 curari.

554 1876 605 1941 Do
628 1879 696 1962 ipso
728 1874 859 1940 Oledoni
883 1896 978 1962 opere
1008 1875 1111 1956 deque
1142 1878 1208 1940 eius
1239 1876 1380 1940 lontibus
1409 1897 1513 1961 pauca
1543 1877 1690 1942 ediciam.
1735 1878 1807 1944 Iam
1837 1899 1879 1943 ex
1909 1877 2110 1966 praefatione

452 1990 664 2072 intellegimus
695 1988 941 2072 grammaticum
975 1987 1108 2052 diversis
1139 2009 1180 2051 ex
1210 1987 1395 2051 auctoribus
1430 1987 1574 2052 hausisse
1604 1997 1637 2052 et
1670 2010 1727 2054 suo
1761 1991 1988 2055 commentario
2018 1989 2111 2053 varia

451 2100 632 2182 inseruisse,
656 2101 706 2164 cui
729 2101 774 2163 rei
796 2120 859 2164 non
883 2107 1042 2184 repugnat
1065 2121 1154 2185 opus.
1192 2097 1277 2162 Nam
1300 2120 1363 2164 nou
1386 2100 1488 2164 solunt
1511 2101 1544 2164 in
1567 2101 1833 2184 originationibus
1856 2101 1982 2167 diversa
2005 2099 2109 2184 effert,

451 2213 627 2278 sedetiam
659 2213 691 2276 in
722 2213 865 2275 terminis
896 2210 1085 2275 adhibendis
1109 2219 1141 2274 et
1170 2211 1350 2298 praeceptis
1381 2211 1567 2276 definiendis
1590 2213 1651 2277 sibi
1680 2235 1743 2278 non
1767 2221 1901 2282 constat.
1945 2211 2109 2299 Exempla

451 2345 534 2410 quae
564 2323 696 2388 exhibet
726 2324 955 2408 grammaticus
986 2322 1159 2387 secundum
1191 2342 1268 2386 suae
1298 2322 1413 2386 aetatis
1440 2342 1561 2387 morem
1591 2326 1733 2388 maxime
1762 2323 1906 2408 Vergilio
1937 2324 2109 2410 desumpta

451 2443 542 2517 sunt,
573 2436 628 2499 sed
660 2443 692 2499 et
725 2434 910 2499 Terentium
943 2433 1094 2499 Plautum
1124 2433 1310 2498 Sallustium
1340 2433 1512 2500 Horatium
1546 2435 1731 2500 Ciceronem
1762 2437 1892 2501 excitat.
1945 2435 2109 2502 Ciceronis

451 2550 601 2636 exemplo
612 2548 680 2612 fere
692 2549 798 2612 omnia
810 2547 968 2633 (exeeptis
991 2568 1065 2632 pag.
1090 2549 1141 2628 22,
1156 2593 1181 2630 ι,
1198 2554 1229 2610 et
1246 2548 1296 2628 77,
1311 2547 1337 2628 ,l
1350 2547 1381 2610 in
1395 2546 1537 2612 Verrinis
1550 2549 1710 2632 legtmtur.
1734 2547 1804 2622 Quo
1817 2549 1920 2632 magis
1930 2549 2047 2614 mirum
2059 2554 2110 2612 est

450 2661 610 2725 neminem
634 2667 708 2723 ante
725 2658 918 2722 Schoellium
940 2659 1137 2723 intellexisse
1160 2658 1258 2722 verba
1273 2681 1348 2744 pag.
1369 2661 1420 2742 28,
1435 2704 1460 2742 ι,
1483 2681 1529 2746 sq.
1546 2669 1578 2724 et
1593 2658 1727 2746 Pompei
1749 2661 1855 2724 locum
1869 2681 1943 2745 pag.
1962 2663 2033 2742 111,
2048 2660 2093 2746 ω*

451 2777 597 2857 spectare
628 2771 669 2835 ad
693 2769 758 2836 cie.
789 2769 882 2836 Verr.
905 2769 949 2835 II.
973 2773 1010 2852 2,
1042 2773 1092 2852 76,
1108 2793 1163 2853 ¹„:
1208 2769 1320 2850 ,Erant
1343 2779 1495 2855 acceptae
1524 2773 1680 2857 pecuniae
1711 2771 1746 2836 C.
1769 2770 1925 2836 Verrucio
1956 2770 1992 2836 O.
2015 2771 2037 2836 f.
2062 2773 2110 2837 sic

452 2889 560 2948 tamen
583 2889 626 2946 ut
649 2903 779 2968 usque
802 2880 851 2946 ad
875 2883 1053 2946 alterum
1076 2879 1248 2945 Rlitterae
1271 2889 1454 2945 constarent
1473 2883 1629 2967 integrae,
1652 2885 1793 2970 reliquae
1816 2904 1925 2948 omnes
1948 2891 2055 2950 essent
2075 2885 2110 2949 in

451 2993 568 3061 litura.‘
604 2993 726 3068 Quibus
749 2994 956 3082 scriptoribus
979 2993 1106 3078 singula
1127 2999 1301 3078 praecepta
1324 2994 1530 3059 attribuenda
1560 2996 1641 3078 sint,
1672 2995 1840 3060 enucleare
1868 3016 1933 3060 non
1955 2997 2108 3062 conabor.

452 3106 517 3173 Sed
539 3127 638 3172 unum
660 3106 745 3191 quod
768 3117 890 3172 certum
913 3113 961 3170 est
984 3106 1140 3190 exemplis
1163 3105 1407 3170 demonstrabo:
1432 3105 1596 3189 ,Probum‘
1619 3114 1655 3172 nt
1677 3108 1799 3193 inipso
1823 3106 1954 3172 exordio
1971 3128 2109 3172 comme-

451 3225 573 3301 morat,
604 3219 649 3284 ita
672 3239 712 3283 ex
741 3219 825 3283 illius
855 3239 937 3302 quae
967 3218 1115 3283 dicuntur
1136 3217 1289 3281 institutis
1318 3219 1434 3282 artium
1458 3217 1629 3285 Cledonius
1658 3220 1745 3284 haud
1777 3240 1882 3305 pauca
1915 3221 2110 3285 verbotenus

451 3335 581 3420 recepit.
605 3329 821 3416 Reperiuntur
846 3331 930 3394 enim
953 3331 1052 3394 verba
1075 3327 1250 3411 (interdum
1274 3329 1427 3414 pleniora,
1449 3330 1504 3394 ubi
1528 3333 1685 3397 cancellos
1708 3331 1848 3413 addidi):

762 3441 861 3507 Probi
894 3443 984 3528 (pag.
1004 3443 1074 3522 142,
1093 3486 1173 3525 „-„
1207 3440 1293 3525 apud
1329 3440 1516 3506 Cledonium
1550 3464 1625 3528 pag.
1649 3443 1813 3527 72‚„-„)

816 3603 830 3636 a
899 3575 974 3640 Pag-
1001 3555 1071 3636 143,
1091 3601 1171 3639 rs-ro
1240 3603 1254 3632 ,
1417 3604 1431 3634 ,
1549 3575 1624 3640 Pstg·
1648 3556 1699 3636 72,
1716 3599 1768 3638 Γ,

817 3715 831 3746 ,
900 3686 975 3750 Pag-
1001 3667 1072 3748 149,
1089 3713 1171 3750 sesa
1240 3715 1255 3746 ,
1417 3715 1431 3745 ,
1549 3687 1623 3752 Pag-
1648 3669 1699 3748 77,
1716 3711 1798 3751 ss-sa

816 3825 831 3856 ,,
894 3776 982 3862 (pag.
1003 3779 1074 3858 154,
1093 3823 1173 3861 rs-ss
1244 3826 1258 3858 ,
1421 3826 1465 3868 ,.
1552 3799 1627 3864 Pag-
1651 3779 1786 3863 67„-,)

817 3937 832 3969 ,,
900 3909 975 3974 Pstg·
1003 3891 1074 3970 154,
1091 3935 1173 3973 so-ss
1243 3939 1257 3968 n
1418 3937 1433 3970 ,,
1551 3899 1625 3976 Pag-
1649 3892 1700 3972 66,
1717 3937 1797 3975 se-sr

817 4049 831 4080 ,
893 3999 1243 4086 (pag.154„,-155„
1419 4049 1433 4082 a
1551 4023 1625 4087 pag·
1650 4004 1813 4088 ilites-sa)

817 4159 832 4192 ,,
900 4132 975 4198 pag·
1001 4113 1102 4196 ¹55ss
1132 4158 1154 4196 rt
1241 4162 1255 4192 ,
1418 4161 1431 4192 a
1549 4135 1624 4198 pag·
1647 4115 1699 4196 69,
1716 4117 1848 4199 sa-7024

817 4272 831 4304 ,,
900 4244 975 4310 pag·
1001 4226 1073 4304 155,
1092 4271 1172 4309 tt-rs
1242 4275 1256 4304 a
1419 4273 1434 4305 ,,
1551 4246 1625 4312 Pag-
1649 4229 1700 4308 64,
1717 4272 1800 4311 sc-so

818 4383 832 4414 a
901 4355 975 4422 Pag-
1002 4337 1072 4418 155,
1090 4383 1173 4422 so-ao
1242 4386 1256 4416 r
1419 4385 1434 4417 a
1551 4341 1850 4424 pag.6l„,-68„

452 4443 536 4510 Tum
558 4447 590 4510 in
613 4447 769 4534 exemplis
793 4448 898 4511 allatis
929 4448 1013 4512 haud
1036 4471 1109 4513 roro
1132 4450 1289 4534 reperitur
1318 4449 1486 4512 amborum
1516 4451 1798 4532 grammaticorum
1821 4471 2002 4518 consensus.
2048 4453 2098 4518 Cu

452 4563 562 4622 tamen
577 4558 623 4622 rei
635 4579 698 4622 non
713 4559 847 4622 multum
864 4559 979 4640 tribuo,
1003 4561 1078 4646 quia
1090 4559 1204 4624 eadem
1220 4560 1287 4623 fere
1303 4559 1453 4645 exempla
1470 4559 1556 4644 apud
1568 4581 1677 4626 omnes
1692 4570 1859 4627 recurrunt
1870 4566 2110 4646 grammaticos.

556 4729 582 4792 *l
600 4729 642 4784 Ol.
661 4729 735 4784 Keili
754 4732 816 4784 adn.
835 4731 870 4784 sd
895 4732 968 4784 huno
986 4733 1082 4786 locum.
1119 4730 1174 4784 Ubi
1192 4733 1247 4784 ism
1273 4739 1348 4798 patet
1366 4733 1491 4796 ,alterum
1511 4733 1532 4784 r‘
1550 4749 1610 4786 cum
1631 4733 1652 4786 B
1676 4707 1731 4786 don
1747 4725 1871 4787 'alteram
1889 4724 1912 4787 r’
1930 4751 1993 4790 oum
2010 4737 2110 4790 esteris

452 4815 625 4869 scribendum
643 4816 696 4880 ,od‘
716 4817 818 4869 inserto
843 4824 870 4870 et
889 4818 956 4870 haec
974 4817 1129 4886 separanda
1152 4833 1224 4870 esse:
1252 4816 1367 4882 ,Littera
1385 4835 1438 4870 non
1458 4817 1675 4872 declinabilis.
1695 4819 1767 4872 unde
1787 4819 1856 4873 illud
1874 4821 1903 4874 in
1922 4823 2110 4890 quaestionem

452 4902 537 4962 venit,
556 4903 637 4969 quis
655 4903 744 4971 sigma
763 4907 876 4955 tantan
894 4903 984 4971 sigma
1002 4905 1127 4973 sigmstls
1145 4902 1246 4956 habct‘
1264 4901 1448 4966 (Schoclliusd

1075 5149 1313 5156 --—..-.——-——-
1327 5149 1434 5156 ——q
